@ARTICLE{Grant2010,
   author = {{Grant}, J.~K. and {Taylor}, A.~R. and {Stil}, J.~M. and {Landecker}, T.~L. and
    {Kothes}, R. and {Ransom}, R.~R. and {Scott}, D.},
    title = "{The DRAO Planck Deep Fields: The Polarization Properties of Radio Galaxies at 1.4 GHz}",
  journal = {\apj},
archivePrefix = "arXiv",
   eprint = {1003.4460},
 keywords = {galaxies: evolution, galaxies: individual: ELAIS N1, galaxies: magnetic fields, polarization, radio continuum: galaxies, techniques: polarimetric},
     year = 2010,
    month = may,
   volume = 714,
    pages = {1689-1701},
      doi = {10.1088/0004-637X/714/2/1689},
   adsurl = {http://adsabs.harvard.edu/abs/2010ApJ...714.1689G},
  adsnote = {Provided by the SAO/NASA Astrophysics Data System}
}
@ARTICLE{Taylor2007,
   author = {{Taylor}, A.~R. and {Stil}, J.~M. and {Grant}, J.~K. and {Landecker}, T.~L. and
    {Kothes}, R. and {Reid}, R.~I. and {Gray}, A.~D. and {Scott}, D. and
    {Martin}, P.~G. and {Boothroyd}, A.~I. and {Joncas}, G. and
    {Lockman}, F.~J. and {English}, J. and {Sajina}, A. and {Bond}, J.~R.
    },
    title = "{Radio Polarimetry of the ELAIS N1 Field: Polarized Compact Sources}",
  journal = {\apj},
archivePrefix = "arXiv",
   eprint = {0705.2736},
 keywords = {Galaxies: Evolution, galaxies: individual (ELAIS N1), Polarization, Radio Continuum: Galaxies, Techniques: Polarimetric},
     year = 2007,
    month = sep,
   volume = 666,
    pages = {201-211},
      doi = {10.1086/519786},
   adsurl = {http://adsabs.harvard.edu/abs/2007ApJ...666..201T},
  adsnote = {Provided by the SAO/NASA Astrophysics Data System}
}
@ARTICLE{Gendre2008,
   author = {{Gendre}, M.~A. and {Wall}, J.~V.},
    title = "{The Combined NVSS-FIRST Galaxies (CoNFIG) sample - I. Sample definition, classification and evolution}",
  journal = {\mnras},
archivePrefix = "arXiv",
   eprint = {0808.0165},
 keywords = {surveys , galaxies: active , galaxies: luminosity function, mass function , galaxies: statistics , radio continuum: galaxies},
     year = 2008,
    month = oct,
   volume = 390,
    pages = {819-828},
      doi = {10.1111/j.1365-2966.2008.13792.x},
   adsurl = {http://adsabs.harvard.edu/abs/2008MNRAS.390..819G},
  adsnote = {Provided by the SAO/NASA Astrophysics Data System}
}
@ARTICLE{Fanaroff1974,
   author = {{Fanaroff}, B.~L. and {Riley}, J.~M.},
    title = "{The morphology of extragalactic radio sources of high and low luminosity}",
  journal = {\mnras},
     year = 1974,
    month = may,
   volume = 167,
    pages = {31P-36P},
      doi = {10.1093/mnras/167.1.31P},
   adsurl = {http://adsabs.harvard.edu/abs/1974MNRAS.167P..31F},
  adsnote = {Provided by the SAO/NASA Astrophysics Data System}
}
@ARTICLE{johnston07,
   author = {{Johnston}, S. and {Bailes}, M. and {Bartel}, N. and {Baugh}, C. and
    {Bietenholz}, M. and {Blake}, C. and {Braun}, R. and {Brown}, J. and
    {Chatterjee}, S. and {Darling}, J. and {Deller}, A. and {Dodson}, R. and
    {Edwards}, P.~G. and {Ekers}, R. and {Ellingsen}, S. and {Feain}, I. and
    {Gaensler}, B.~M. and {Haverkorn}, M. and {Hobbs}, G. and {Hopkins}, A. and
    {Jackson}, C. and {James}, C. and {Joncas}, G. and {Kaspi}, V. and
    {Kilborn}, V. and {Koribalski}, B. and {Kothes}, R. and {Landecker}, T.~L. and
    {Lenc}, E. and {Lovell}, J. and {Macquart}, J.-P. and {Manchester}, R. and
    {Matthews}, D. and {McClure-Griffiths}, N.~M. and {Norris}, R. and
    {Pen}, U.-L. and {Phillips}, C. and {Power}, C. and {Protheroe}, R. and
    {Sadler}, E. and {Schmidt}, B. and {Stairs}, I. and {Staveley-Smith}, L. and
    {Stil}, J. and {Taylor}, R. and {Tingay}, S. and {Tzioumis}, A. and
    {Walker}, M. and {Wall}, J. and {Wolleben}, M.},
    title = "{Science with the Australian Square Kilometre Array Pathfinder}",
  journal = {\pasa},
archivePrefix = "arXiv",
   eprint = {0711.2103},
 keywords = {telescopes},
     year = 2007,
    month = dec,
   volume = 24,
    pages = {174-188},
      doi = {10.1071/AS07033},
   adsurl = {http://adsabs.harvard.edu/abs/2007PASA...24..174J},
  adsnote = {Provided by the SAO/NASA Astrophysics Data System}
}

@INPROCEEDINGS{verheijen08,
   author = {{Verheijen}, M.~A.~W. and {Oosterloo}, T.~A. and {van Cappellen}, W.~A. and
    {Bakker}, L. and {Ivashina}, M.~V. and {van der Hulst}, J.~M.
    },
    title = "{Apertif, a focal plane array for the WSRT}",
 keywords = {Radio telescopes and instrumentation, heterodyne receivers, Astronomical observations, Origin formation evolution age and star formation, Distances redshifts radial velocities, spatial distribution of galaxies, Astronomical catalogs atlases sky surveys databases retrieval systems archives etc.},
booktitle = {AIP Conf. Ser. 1035, The Evolution of Galaxies Through the Neutral Hydrogen Window},
     year = 2008,
   volume = 1035,
    pages = {265-271},
   adsurl = {http://adsabs.harvard.edu/abs/2008AIPC.1035..265V},
  adsnote = {Provided by the SAO/NASA Astrophysics Data Syst
  em}
}

@ARTICLE{norris11,
   author = {{Norris}, R.~P. and {Hopkins}, A.~M. and {Afonso}, J. and {Brown}, S. and
    {Condon}, J.~J. and {Dunne}, L. and {Feain}, I. and {Hollow}, R. and
    {Jarvis}, M. and {Johnston-Hollitt}, M. and {Lenc}, E. and {Middelberg}, E. and
    {Padovani}, P. and {Prandoni}, I. and {Rudnick}, L. and {Seymour}, N. and
    {Umana}, G. and {Andernach}, H. and {Alexander}, D.~M. and {Appleton}, P.~N. and
    {Bacon}, D. and {Banfield}, J. and {Becker}, W. and {Brown}, M.~J.~I. and
    {Ciliegi}, P. and {Jackson}, C. and {Eales}, S. and {Edge}, A.~C. and
    {Gaensler}, B.~M. and {Giovannini}, G. and {Hales}, C.~A. and
    {Hancock}, P. and {Huynh}, M.~T. and {Ibar}, E. and {Ivison}, R.~J. and
    {Kennicutt}, R. and {Kimball}, A.~E. and {Koekemoer}, A.~M. and
    {Koribalski}, B.~S. and {L{\'o}pez-S{\'a}nchez}, {\'A}.~R. and
    {Mao}, M.~Y. and {Murphy}, T. and {Messias}, H. and {Pimbblet}, K.~A. and
    {Raccanelli}, A. and {Randall}, K.~E. and {Reiprich}, T.~H. and
    {Roseboom}, I.~G. and {R{\"o}ttgering}, H. and {Saikia}, D.~J. and
    {Sharp}, R.~G. and {Slee}, O.~B. and {Smail}, I. and {Thompson}, M.~A. and
    {Urquhart}, J.~S. and {Wall}, J.~V. and {Zhao}, G.-B.},
    title = "{EMU: Evolutionary Map of the Universe}",
  journal = {\pasa},
archivePrefix = "arXiv",
   eprint = {1106.3219},
 keywords = {telescopes, surveys, stars: activity,  galaxies: evolution, galaxies: formation,  cosmology: observations, radio continuum: general},
     year = 2011,
    month = aug,
   volume = 28,
    pages = {215-248},
      doi = {10.1071/AS11021},
   adsurl = {http://adsabs.harvard.edu/abs/2011PASA...28..215N},
  adsnote = {Provided by the SAO/NASA Astrophysics Data System}
}

@ARTICLE{banfield15,
   author = {{Banfield}, J.~K. and {Wong}, O.~I. and {Willett}, K.~W. and
    {Norris}, R.~P. and {Rudnick}, L. and {Shabala}, S.~S. and {Simmons}, B.~D. and
    {Snyder}, C. and {Garon}, A. and {Seymour}, N. and {Middelberg}, E. and
    {Andernach}, H. and {Lintott}, C.~J. and {Jacob}, K. and {Kapi{\'n}ska}, A.~D. and
    {Mao}, M.~Y. and {Masters}, K.~L. and {Jarvis}, M.~J. and {Schawinski}, K. and
    {Paget}, E. and {Simpson}, R. and {Kl{\"o}ckner}, H.-R. and
    {Bamford}, S. and {Burchell}, T. and {Chow}, K.~E. and {Cotter}, G. and
    {Fortson}, L. and {Heywood}, I. and {Jones}, T.~W. and {Kaviraj}, S. and
    {L{\'o}pez-S{\'a}nchez}, {\'A}.~R. and {Maksym}, W.~P. and {Polsterer}, K. and
    {Borden}, K. and {Hollow}, R.~P. and {Whyte}, L.},
    title = "{Radio Galaxy Zoo: host galaxies and radio morphologies derived from visual inspection}",
  journal = {\mnras},
archivePrefix = "arXiv",
   eprint = {1507.07272},
 keywords = {methods: data analysis, infrared: galaxies, radio continuum: galaxies},
     year = 2015,
    month = nov,
   volume = 453,
    pages = {2326-2340},
      doi = {10.1093/mnras/stv1688},
   adsurl = {http://adsabs.harvard.edu/abs/2015MNRAS.453.2326B},
  adsnote = {Provided by the SAO/NASA Astrophysics Data System}
}

@ARTICLE{rottgering11,
   author = {{R{\"o}ttgering}, H. and {Afonso}, J. and {Barthel}, P. and
    {Batejat}, F. and {Best}, P. and {Bonafede}, A. and {Br{\"u}ggen}, M. and
    {Brunetti}, G. and {Chy{\.z}y}, K. and {Conway}, J. and {Gasperin}, F.~D. and
    {Ferrari}, C. and {Haverkorn}, M. and {Heald}, G. and {Hoeft}, M. and
    {Jackson}, N. and {Jarvis}, M. and {Ker}, L. and {Lehnert}, M. and
    {Macario}, G. and {McKean}, J. and {Miley}, G. and {Morganti}, R. and
    {Oosterloo}, T. and {Orr{\`u}}, E. and {Pizzo}, R. and {Rafferty}, D. and
    {Shulevski}, A. and {Tasse}, C. and {Bemmel}, I.~V. and {van der Tol}, B. and
    {van Weeren}, R. and {Verheijen}, M. and {White}, G. and {Wise}, M.
    },
    title = "{LOFAR and APERTIF Surveys of the Radio Sky: Probing Shocks and Magnetic Fields in Galaxy Clusters}",
  journal = {Journal of Astrophysics and Astronomy},
archivePrefix = "arXiv",
   eprint = {1107.1606},
 keywords = {Galaxies, clusters, general, intracluster medium, radio continuum: galaxies, radio telescopes},
     year = 2011,
    month = dec,
   volume = 32,
    pages = {557-566},
      doi = {10.1007/s12036-011-9129-x},
   adsurl = {http://adsabs.harvard.edu/abs/2011JApA...32..557R},
  adsnote = {Provided by the SAO/NASA Astrophysics Data System}
}

@unpublished{weston17,
  author = {Weston, S. D. and Seymour, N. and Gulyaev, S. and Norris, R. P. and Banfield, J. and Vaccari, M. and Hopkins, A. M. and Franzen, T. M. O.},
  title = {Automated Cross-matching Radio to Infrared Surveys with the {LRPY} algorithm},
  year = {in prep. }
}

@ARTICLE{norris06,
   author = {{Norris}, R.~P. and {Afonso}, J. and {Appleton}, P.~N. and {Boyle}, B.~J. and
  {Ciliegi}, P. and {Croom}, S.~M. and {Huynh}, M.~T. and {Jackson}, C.~A. and
  {Koekemoer}, A.~M. and {Lonsdale}, C.~J. and {Middelberg}, E. and
  {Mobasher}, B. and {Oliver}, S.~J. and {Polletta}, M. and {Siana}, B.~D. and
  {Smail}, I. and {Voronkov}, M.~A.},
    title = "{Deep ATLAS Radio Observations of the Chandra Deep Field-South/Spitzer Wide-Area Infrared Extragalactic Field}",
  journal = {\aj},
   eprint = {astro-ph/0610538},
 keywords = {Catalogs, Galaxies: Active, Galaxies: Evolution, Radio Continuum: Galaxies, Surveys},
     year = 2006,
    month = dec,
   volume = 132,
    pages = {2409-2423},
      doi = {10.1086/508275},
   adsurl = {http://adsabs.harvard.edu/abs/2006AJ....132.2409N},
  adsnote = {Provided by the SAO/NASA Astrophysics Data System}
}

@ARTICLE{middelberg08,
   author = {{Middelberg}, E. and {Norris}, R.~P. and {Cornwell}, T.~J. and
  {Voronkov}, M.~A. and {Siana}, B.~D. and {Boyle}, B.~J. and
  {Ciliegi}, P. and {Jackson}, C.~A. and {Huynh}, M.~T. and {Berta}, S. and
  {Rubele}, S. and {Lonsdale}, C.~J. and {Ivison}, R.~J. and {Smail}, I.
  },
    title = "{Deep Australia Telescope Large Area Survey Radio Observations of the European Large Area ISO Survey S1/Spitzer Wide-Area Infrared Extragalactic Field}",
  journal = {\aj},
 keywords = {catalogs, galaxies: active, galaxies: evolution, radio continuum: galaxies, surveys},
     year = 2008,
    month = apr,
   volume = 135,
    pages = {1276-1290},
      doi = {10.1088/0004-6256/135/4/1276},
   adsurl = {http://adsabs.harvard.edu/abs/2008AJ....135.1276M},
  adsnote = {Provided by the SAO/NASA Astrophysics Data System}
}

@ARTICLE{franzen15,
   author = {{Franzen}, T.~M.~O. and {Banfield}, J.~K. and {Hales}, C.~A. and
  {Hopkins}, A. and {Norris}, R.~P. and {Seymour}, N. and {Chow}, K.~E. and
  {Herzog}, A. and {Huynh}, M.~T. and {Lenc}, E. and {Mao}, M.~Y. and
  {Middelberg}, E.},
    title = "{ATLAS - I. Third release of 1.4 GHz mosaics and component catalogues}",
  journal = {\mnras},
archivePrefix = "arXiv",
   eprint = {1508.03150},
 keywords = {methods: data analysis, catalogues, surveys, radio continuum: galaxies},
     year = 2015,
    month = nov,
   volume = 453,
    pages = {4020-4036},
      doi = {10.1093/mnras/stv1866},
   adsurl = {http://adsabs.harvard.edu/abs/2015MNRAS.453.4020F},
  adsnote = {Provided by the SAO/NASA Astrophysics Data System}
}

@unpublished{wong17,
  author={Wong, O. I. and Willett, K. W. and Rudnick, L. and Garon, A. and Banfield, J. K. and Shabala, S. S. and Norris, R. P. and Simmons, B. D. and Seymour, N. and Kapi\'nska, A. D. and Middelberg, E. and others},
  title={{Radio Galaxy Zoo Data Release 1}: morphological classifications of 100,000 {FIRST} radio sources},
  year={in prep. }
}

@article{lecun98,
  title={Gradient-based learning applied to document recognition},
  author={LeCun, Yann and Bottou, L{\'e}on and Bengio, Yoshua and Haffner, Patrick},
  journal={Proceedings of the IEEE},
  volume={86},
  number={11},
  pages={2278--2324},
  year={1998},
  publisher={IEEE}
}

@ARTICLE{lintott08,
   author = {{Lintott}, C.~J. and {Schawinski}, K. and {Slosar}, A. and {Land}, K. and
  {Bamford}, S. and {Thomas}, D. and {Raddick}, M.~J. and {Nichol}, R.~C. and
  {Szalay}, A. and {Andreescu}, D. and {Murray}, P. and {Vandenberg}, J.
  },
    title = "{Galaxy Zoo: morphologies derived from visual inspection of galaxies from the Sloan Digital Sky Survey}",
  journal = {\mnras},
archivePrefix = "arXiv",
   eprint = {0804.4483},
 keywords = {methods: data analysis , galaxies: elliptical and lenticular, cD , galaxies: general , galaxies: spiral},
     year = 2008,
    month = sep,
   volume = 389,
    pages = {1179-1189},
      doi = {10.1111/j.1365-2966.2008.13689.x},
   adsurl = {http://adsabs.harvard.edu/abs/2008MNRAS.389.1179L},
  adsnote = {Provided by the SAO/NASA Astrophysics Data System}
}

@article{fan15,
  author = {Fan, Dongwei and Budavári, Tamás and Norris, Ray P. and Hopkins, Andrew M.},
  title = {Matching radio catalogues with realistic geometry: application to {SWIRE} and {ATLAS}},
  volume = {451},
  number = {2},
  pages = {1299-1305},
  year = {2015},
  doi = {10.1093/mnras/stv994},
  abstract ={Cross-matching catalogues at different wavelengths is a difficult problem in astronomy, especially when the objects are not point-like. At radio wavelengths, an object can have several components corresponding, for example, to a core and lobes. Considering not all radio detections correspond to visible or infrared sources, matching these catalogues can be challenging. Traditionally, this is done by eye for better quality, which does not scale to the large data volumes expected from the next-generation of radio telescopes. We present a novel automated procedure, using Bayesian hypothesis testing, to achieve reliable associations by explicit modelling of a particular class of radio-source morphology. The new algorithm not only assesses the likelihood of an association between data at two different wavelengths, but also tries to assess whether different radio sources are physically associated, are double-lobed radio galaxies, or just distinct nearby objects. Application to the Spitzer Wide-Area Infrared Extragalactic and Australia Telescope Large Area Survey CDF-S catalogues shows that this method performs well without human intervention.},
  URL = {http://mnras.oxfordjournals.org/content/451/2/1299.abstract},
  eprint = {http://mnras.oxfordjournals.org/content/451/2/1299.full.pdf+html},
  journal = {\mnras}
}

@ARTICLE{norris17unexpected,
   author = {{Norris}, R.~P.},
    title = "{Discovering the Unexpected in Astronomical Survey Data}",
  journal = {\pasa},
archivePrefix = "arXiv",
   eprint = {1611.05570},
 primaryClass = "astro-ph.IM",
 keywords = {surveys, telescopes},
     year = 2017,
    month = jan,
   volume = 34,
      eid = {e007},
    pages = {e007},
      doi = {10.1017/pasa.2016.63},
   adsurl = {http://adsabs.harvard.edu/abs/2017PASA...34....7N},
  adsnote = {Provided by the SAO/NASA Astrophysics Data System}
}

@INPROCEEDINGS{polsterer15pink,
   author = {{Polsterer}, K.~L. and {Gieseke}, F. and {Igel}, C.},
    title = "{Automatic Galaxy Classification via Machine Learning Techniques: Parallelized Rotation/Flipping INvariant Kohonen Maps (PINK)}",
booktitle = {Astronomical Data Analysis Software an Systems XXIV (ADASS XXIV)},
     year = 2015,
   series = {Astronomical Society of the Pacific Conference Series},
   volume = 495,
   editor = {{Taylor}, A.~R. and {Rosolowsky}, E.},
    month = sep,
    pages = {81},
   adsurl = {http://adsabs.harvard.edu/abs/2015ASPC..495...81P},
  adsnote = {Provided by the SAO/NASA Astrophysics Data System}
}

@ARTICLE{proctor06,
   author = {{Proctor}, D.~D.},
    title = "{Comparing Pattern Recognition Feature Sets for Sorting Triples in the FIRST Database}",
  journal = {\apjs},
   eprint = {astro-ph/0605104},
 keywords = {Astronomical Data Bases: Miscellaneous, Galaxies: General, Methods: Data Analysis, Methods: Statistical, Surveys, Techniques: Image Processing},
     year = 2006,
    month = jul,
   volume = 165,
    pages = {95-107},
      doi = {10.1086/504801},
   adsurl = {http://adsabs.harvard.edu/abs/2006ApJS..165...95P},
  adsnote = {Provided by the SAO/NASA Astrophysics Data System}
}

@ARTICLE{lonsdale03swire,
   author = {{Lonsdale}, C.~J. and {Smith}, H.~E. and {Rowan-Robinson}, M. and
  {Surace}, J. and {Shupe}, D. and {Xu}, C. and {Oliver}, S. and
  {Padgett}, D. and {Fang}, F. and {Conrow}, T. and {Franceschini}, A. and
  {Gautier}, N. and {Griffin}, M. and {Hacking}, P. and {Masci}, F. and
  {Morrison}, G. and {O'Linger}, J. and {Owen}, F. and {P{\'e}rez-Fournon}, I. and
  {Pierre}, M. and {Puetter}, R. and {Stacey}, G. and {Castro}, S. and
  {Polletta}, M.~d.~C. and {Farrah}, D. and {Jarrett}, T. and
  {Frayer}, D. and {Siana}, B. and {Babbedge}, T. and {Dye}, S. and
  {Fox}, M. and {Gonzalez-Solares}, E. and {Salaman}, M. and {Berta}, S. and
  {Condon}, J.~J. and {Dole}, H. and {Serjeant}, S.},
    title = "{SWIRE: The SIRTF Wide-Area Infrared Extragalactic Survey}",
  journal = {\pasp},
   eprint = {astro-ph/0305375},
 keywords = {Surveys, Galaxies: Evolution, Galaxies: Active, Cosmology: Large-Scale Structure of Universe, infrared: galaxies},
     year = 2003,
    month = aug,
   volume = 115,
    pages = {897-927},
      doi = {10.1086/376850},
   adsurl = {http://adsabs.harvard.edu/abs/2003PASP..115..897L},
  adsnote = {Provided by the SAO/NASA Astrophysics Data System}
}

@ARTICLE{wright10wise,
   author = {{Wright}, E.~L. and {Eisenhardt}, P.~R.~M. and {Mainzer}, A.~K. and
  {Ressler}, M.~E. and {Cutri}, R.~M. and {Jarrett}, T. and {Kirkpatrick}, J.~D. and
  {Padgett}, D. and {McMillan}, R.~S. and {Skrutskie}, M. and
  {Stanford}, S.~A. and {Cohen}, M. and {Walker}, R.~G. and {Mather}, J.~C. and
  {Leisawitz}, D. and {Gautier}, III, T.~N. and {McLean}, I. and
  {Benford}, D. and {Lonsdale}, C.~J. and {Blain}, A. and {Mendez}, B. and
  {Irace}, W.~R. and {Duval}, V. and {Liu}, F. and {Royer}, D. and
  {Heinrichsen}, I. and {Howard}, J. and {Shannon}, M. and {Kendall}, M. and
  {Walsh}, A.~L. and {Larsen}, M. and {Cardon}, J.~G. and {Schick}, S. and
  {Schwalm}, M. and {Abid}, M. and {Fabinsky}, B. and {Naes}, L. and
  {Tsai}, C.-W.},
    title = "{The Wide-field Infrared Survey Explorer (WISE): Mission Description and Initial On-orbit Performance}",
  journal = {\aj},
archivePrefix = "arXiv",
   eprint = {1008.0031},
 primaryClass = "astro-ph.IM",
 keywords = {infrared: general, space vehicles, surveys},
     year = 2010,
    month = dec,
   volume = 140,
      eid = {1868-1881},
    pages = {1868-1881},
      doi = {10.1088/0004-6256/140/6/1868},
   adsurl = {http://adsabs.harvard.edu/abs/2010AJ....140.1868W},
  adsnote = {Provided by the SAO/NASA Astrophysics Data System}
}


@ARTICLE{white97first,
   author = {{White}, R.~L. and {Becker}, R.~H. and {Helfand}, D.~J. and
  {Gregg}, M.~D.},
    title = "{A Catalog of 1.4 GHz Radio Sources from the FIRST Survey}",
  journal = {\apj},
 keywords = {Astrometry, Catalogs, Galaxies: Statistics, Galaxies: Quasars: General, Radio Continuum: Galaxies, Surveys},
     year = 1997,
    month = feb,
   volume = 475,
    pages = {479-493},
      doi = {10.1086/303564},
   adsurl = {http://adsabs.harvard.edu/abs/1997ApJ...475..479W},
  adsnote = {Provided by the SAO/NASA Astrophysics Data System}
}


@article{surace05swire,
  title={The {SWIRE} Data Release 2: Image Atlases and Source Catalogs for {ELAIS-N1}, {ELAIS-N2}, {XMM-LSS}, and the {Lockman} Hole},
  author={Surace, JA and Shupe, DL and Fang, F and Lonsdale, CJ and Gonzalez-Solares, E and Hatziminaoglou11, E and Siana, B and Babbedge, T and Polletta, M and Rodighiero, G and others},
  journal={Spitzer Science Centre, California Institute of Technology, Pasadena, CA},
  year={2005}
}

@article{breiman01random-forest,
  author={Leo Breiman},
  title={Random Forests},
  year=2001,
  journal={Machine Learning},
  volume=45,
  number=1,
  pages={5--32}
}

@ARTICLE{aniyan17cnn,
   author = {{Aniyan}, A.~K. and {Thorat}, K.},
    title = "{Classifying Radio Galaxies with the Convolutional Neural Network}",
  journal = {\apjs},
archivePrefix = "arXiv",
   eprint = {1705.03413},
 primaryClass = "astro-ph.IM",
 keywords = {methods: miscellaneous, methods: observational, radio continuum: galaxies, techniques: miscellaneous },
     year = 2017,
    month = jun,
   volume = 230,
      eid = {20},
    pages = {20},
      doi = {10.3847/1538-4365/aa7333},
   adsurl = {http://adsabs.harvard.edu/abs/2017ApJS..230...20A},
  adsnote = {Provided by the SAO/NASA Astrophysics Data System}
}

@book{bishop06ml,
  title={Pattern recognition and machine learning},
  author={Bishop, C. M.},
  year={2006},
  publisher={Springer}
}
@ARTICLE{dieleman15cnn,
   author = {{Dieleman}, S. and {Willett}, K.~W. and {Dambre}, J.},
    title = "{Rotation-invariant convolutional neural networks for galaxy morphology prediction}",
  journal = {\mnras},
archivePrefix = "arXiv",
   eprint = {1503.07077},
 primaryClass = "astro-ph.IM",
 keywords = {methods: data analysis, techniques: image processing, catalogues, galaxies: general},
     year = 2015,
    month = jun,
   volume = 450,
    pages = {1441-1459},
      doi = {10.1093/mnras/stv632},
   adsurl = {http://adsabs.harvard.edu/abs/2015MNRAS.450.1441D},
  adsnote = {Provided by the SAO/NASA Astrophysics Data System}
}

@ARTICLE{richter75likelihood,
   author = {{Richter}, G.~A.},
    title = "{Search for optical identifications in the 5C3-radio survey. II - Statistical treatment and results}",
  journal = {Astronomische Nachrichten},
 keywords = {Photographic Plates, Quasars, Radio Sources (Astronomy), Schmidt Telescopes, Statistical Analysis, Andromeda Galaxy, Cosmology, H Ii Regions, Red Shift, Tables (Data)},
     year = 1975,
   volume = 296,
    pages = {65-81},
      doi = {10.1002/asna.19752960203},
   adsurl = {http://adsabs.harvard.edu/abs/1975AN....296...65R},
  adsnote = {Provided by the SAO/NASA Astrophysics Data System}
}

@unpublished{lukic17compact,
  author={Lukic, V. and Banfield, J. K. and Wong, O. I. and Br\"uggen, M.},
  title={{Radio Galaxy Zoo}: Compact and extended radio source classification with deep learning},
  year={in prep. }
}

@misc{chollet15keras,
  title={Keras},
  author={Chollet, Fran\c{c}ois and others},
  year={2015},
  publisher={GitHub},
  howpublished={\url{https://github.com/fchollet/keras}},
}
@inproceedings{rowley1996facedetection,
  title={Human face detection in visual scenes},
  author={Rowley, Henry A and Baluja, Shumeet and Kanade, Takeo},
  booktitle={Advances in Neural Information Processing Systems},
  pages={875--881},
  year={1996}
}

@ARTICLE{sajina2005,
   author = {{Sajina}, A. and {Lacy}, M. and {Scott}, D.},
    title = "{Simulating the Spitzer Mid-Infrared Color-Color Diagrams}",
  journal = {\apj},
   eprint = {astro-ph/0409597},
 keywords = {Infrared: Galaxies, Methods: Data Analysis},
     year = 2005,
    month = mar,
   volume = 621,
    pages = {256-268},
      doi = {10.1086/426536},
   adsurl = {http://adsabs.harvard.edu/abs/2005ApJ...621..256S},
  adsnote = {Provided by the SAO/NASA Astrophysics Data System}
}

@ARTICLE{astropy18,
   author = {{The Astropy Collaboration} and {Price-Whelan}, A.~M. and {Sip{\H o}cz}, B.~M. and 
  {G{\"u}nther}, H.~M. and {Lim}, P.~L. and {Crawford}, S.~M. and 
  {Conseil}, S. and {Shupe}, D.~L. and {Craig}, M.~W. and {Dencheva}, N. and 
  {Ginsburg}, A. and {VanderPlas}, J.~T. and {Bradley}, L.~D. and 
  {P{\'e}rez-Su{\'a}rez}, D. and {de Val-Borro}, M. and {Aldcroft}, T.~L. and 
  {Cruz}, K.~L. and {Robitaille}, T.~P. and {Tollerud}, E.~J. and 
  {Ardelean}, C. and {Babej}, T. and {Bachetti}, M. and {Bakanov}, A.~V. and 
  {Bamford}, S.~P. and {Barentsen}, G. and {Barmby}, P. and {Baumbach}, A. and 
  {Berry}, K.~L. and {Biscani}, F. and {Boquien}, M. and {Bostroem}, K.~A. and 
  {Bouma}, L.~G. and {Brammer}, G.~B. and {Bray}, E.~M. and {Breytenbach}, H. and 
  {Buddelmeijer}, H. and {Burke}, D.~J. and {Calderone}, G. and 
  {Cano Rodr{\'{\i}}guez}, J.~L. and {Cara}, M. and {Cardoso}, J.~V.~M. and 
  {Cheedella}, S. and {Copin}, Y. and {Crichton}, D. and {D{\'A}vella}, D. and 
  {Deil}, C. and {Depagne}, {\'E}. and {Dietrich}, J.~P. and {Donath}, A. and 
  {Droettboom}, M. and {Earl}, N. and {Erben}, T. and {Fabbro}, S. and 
  {Ferreira}, L.~A. and {Finethy}, T. and {Fox}, R.~T. and {Garrison}, L.~H. and 
  {Gibbons}, S.~L.~J. and {Goldstein}, D.~A. and {Gommers}, R. and 
  {Greco}, J.~P. and {Greenfield}, P. and {Groener}, A.~M. and 
  {Grollier}, F. and {Hagen}, A. and {Hirst}, P. and {Homeier}, D. and 
  {Horton}, A.~J. and {Hosseinzadeh}, G. and {Hu}, L. and {Hunkeler}, J.~S. and 
  {Ivezi{\'c}}, {\v Z}. and {Jain}, A. and {Jenness}, T. and {Kanarek}, G. and 
  {Kendrew}, S. and {Kern}, N.~S. and {Kerzendorf}, W.~E. and 
  {Khvalko}, A. and {King}, J. and {Kirkby}, D. and {Kulkarni}, A.~M. and 
  {Kumar}, A. and {Lee}, A. and {Lenz}, D. and {Littlefair}, S.~P. and 
  {Ma}, Z. and {Macleod}, D.~M. and {Mastropietro}, M. and {McCully}, C. and 
  {Montagnac}, S. and {Morris}, B.~M. and {Mueller}, M. and {Mumford}, S.~J. and 
  {Muna}, D. and {Murphy}, N.~A. and {Nelson}, S. and {Nguyen}, G.~H. and 
  {Ninan}, J.~P. and {N{\"o}the}, M. and {Ogaz}, S. and {Oh}, S. and 
  {Parejko}, J.~K. and {Parley}, N. and {Pascual}, S. and {Patil}, R. and 
  {Patil}, A.~A. and {Plunkett}, A.~L. and {Prochaska}, J.~X. and 
  {Rastogi}, T. and {Reddy Janga}, V. and {Sabater}, J. and {Sakurikar}, P. and 
  {Seifert}, M. and {Sherbert}, L.~E. and {Sherwood-Taylor}, H. and 
  {Shih}, A.~Y. and {Sick}, J. and {Silbiger}, M.~T. and {Singanamalla}, S. and 
  {Singer}, L.~P. and {Sladen}, P.~H. and {Sooley}, K.~A. and 
  {Sornarajah}, S. and {Streicher}, O. and {Teuben}, P. and {Thomas}, S.~W. and 
  {Tremblay}, G.~R. and {Turner}, J.~E.~H. and {Terr{\'o}n}, V. and 
  {van Kerkwijk}, M.~H. and {de la Vega}, A. and {Watkins}, L.~L. and 
  {Weaver}, B.~A. and {Whitmore}, J.~B. and {Woillez}, J. and 
  {Zabalza}, V.},
    title = "{The Astropy Project: Building an inclusive, open-science project and status of the v2.0 core package}",
  journal = {ArXiv e-prints},
archivePrefix = "arXiv",
   eprint = {1801.02634},
 primaryClass = "astro-ph.IM",
 keywords = {Astrophysics - Instrumentation and Methods for Astrophysics},
     year = 2018,
    month = jan,
   adsurl = {http://adsabs.harvard.edu/abs/2018arXiv180102634T},
  adsnote = {Provided by the SAO/NASA Astrophysics Data System}
}

@article{cutri2013wiseexplanatory,
  title={Explanatory Supplement to the AllWISE Data Release Products},
  author={Cutri, RM and Wright, EL and Conrow, T and Fowler, JW and Eisenhardt, PRM and Grillmair, C and Kirkpatrick, JD and Masci, F and McCallon, HL and Wheelock, SL and others},
  journal={Explanatory Supplement to the AllWISE Data Release Products, by RM Cutri et al.},
  year={2013}
}

@ARTICLE{kimball08,
   author = {{Kimball}, A.~E. and {Ivezi{\'c}}, {\v Z}.},
    title = "{A Unified Catalog of Radio Objects Detected by NVSS, First, WENSS, GB6, and SDSS}",
  journal = {\aj},
archivePrefix = "arXiv",
   eprint = {0806.0650},
 keywords = {catalogs, galaxies: active, radio continuum: general},
     year = 2008,
    month = aug,
   volume = 136,
    pages = {684-712},
      doi = {10.1088/0004-6256/136/2/684},
   adsurl = {http://adsabs.harvard.edu/abs/2008AJ....136..684K},
  adsnote = {Provided by the SAO/NASA Astrophysics Data System}
}
@ARTICLE{hancock18aegean,
   author = {{Hancock}, P.~J. and {Trott}, C.~M. and {Hurley-Walker}, N.},
    title = "{Source Finding in the Era of the SKA (Precursors): Aegean 2.0}",
  journal = {\pasa},
archivePrefix = "arXiv",
   eprint = {1801.05548},
 primaryClass = "astro-ph.IM",
 keywords = {radio continuum: general, catalogs, methods: statistical},
     year = 2018,
    month = mar,
   volume = 35,
      eid = {e011},
    pages = {e011},
      doi = {10.1017/pasa.2018.3},
   adsurl = {http://adsabs.harvard.edu/abs/2018PASA...35...11H},
  adsnote = {Provided by the SAO/NASA Astrophysics Data System}
}
@ARTICLE{hancock12aegean,
   author = {{Hancock}, P.~J. and {Murphy}, T. and {Gaensler}, B.~M. and 
  {Hopkins}, A. and {Curran}, J.~R.},
    title = "{Compact continuum source finding for next generation radio surveys}",
  journal = {\mnras},
archivePrefix = "arXiv",
   eprint = {1202.4500},
 primaryClass = "astro-ph.IM",
 keywords = {techniques: image processing, catalogues, surveys},
     year = 2012,
    month = may,
   volume = 422,
    pages = {1812-1824},
      doi = {10.1111/j.1365-2966.2012.20768.x},
   adsurl = {http://adsabs.harvard.edu/abs/2012MNRAS.422.1812H},
  adsnote = {Provided by the SAO/NASA Astrophysics Data System}
}

@ARTICLE{alger18radio,
   author = {{Alger}, M.~J. and {Banfield}, J.~K. and {Ong}, C.~S. and {Rudnick}, L. and 
  {Wong}, O.~I. and {Wolf}, C. and {Andernach}, H. and {Norris}, R.~P. and 
  {Shabala}, S.~S.},
    title = "{Radio Galaxy Zoo: machine learning for radio source host galaxy cross-identification}",
  journal = {\mnras},
archivePrefix = "arXiv",
   eprint = {1805.05540},
 primaryClass = "astro-ph.IM",
 keywords = {methods: statistical, techniques: miscellaneous, galaxies: active, infrared: galaxies, radio continuum: galaxies},
     year = 2018,
    month = aug,
   volume = 478,
    pages = {5547-5563},
      doi = {10.1093/mnras/sty1308},
   adsurl = {http://adsabs.harvard.edu/abs/2018MNRAS.478.5547A},
  adsnote = {Provided by the SAO/NASA Astrophysics Data System}
}

@ARTICLE{hinshaw13wmap9,
   author = {{Hinshaw}, G. and {Larson}, D. and {Komatsu}, E. and {Spergel}, D.~N. and 
  {Bennett}, C.~L. and {Dunkley}, J. and {Nolta}, M.~R. and {Halpern}, M. and 
  {Hill}, R.~S. and {Odegard}, N. and {Page}, L. and {Smith}, K.~M. and 
  {Weiland}, J.~L. and {Gold}, B. and {Jarosik}, N. and {Kogut}, A. and 
  {Limon}, M. and {Meyer}, S.~S. and {Tucker}, G.~S. and {Wollack}, E. and 
  {Wright}, E.~L.},
    title = "{Nine-year Wilkinson Microwave Anisotropy Probe (WMAP) Observations: Cosmological Parameter Results}",
  journal = {\apjs},
archivePrefix = "arXiv",
   eprint = {1212.5226},
 keywords = {cosmic background radiation, cosmology: observations, dark matter, early universe, instrumentation: detectors, space vehicles, space vehicles: instruments, telescopes },
     year = 2013,
    month = oct,
   volume = 208,
      eid = {19},
    pages = {19},
      doi = {10.1088/0067-0049/208/2/19},
   adsurl = {http://adsabs.harvard.edu/abs/2013ApJS..208...19H},
  adsnote = {Provided by the SAO/NASA Astrophysics Data System}
}

    
@article{jarrett17wise,
  author={T. H. Jarrett and M. E. Cluver and C. Magoulas and M. Bilicki and M. Alpaslan and J. Bland-Hawthorn and S. Brough and M. J. I.
Brown and S. Croom and S. Driver and B. W. Holwerda and A. M. Hopkins and J. Loveday and P. Norberg and J. A. Peacock and C. C.
Popescu and E. M. Sadler and E. N. Taylor and R. J. Tuffs and L. Wang},
  title={Galaxy and Mass Assembly (GAMA): Exploring the WISE Web in G12},
  journal={The Astrophysical Journal},
  volume={836},
  number={2},
  pages={182},
  year={2017}
}


    
@article{jarrett11wise,
  author={T. H. Jarrett and M. Cohen and F. Masci and E. Wright and D. Stern and D. Benford and A. Blain and S. Carey and R. M. Cutri and P.
Eisenhardt and C. Lonsdale and A. Mainzer and K. Marsh and D. Padgett and S. Petty and M. Ressler and M. Skrutskie and S.
Stanford and J. Surace and C. W. Tsai and S. Wheelock and D. L. Yan},
  title={The Spitzer-WISE Survey of the Ecliptic Poles},
  journal={The Astrophysical Journal},
  volume={735},
  number={2},
  pages={112},
  year={2011}
}
  
@ARTICLE{zokai05logpolar,
author={S. Zokai and G. Wolberg},
journal={IEEE Transactions on Image Processing},
title={Image registration using log-polar mappings for recovery of large-scale similarity and projective transformations},
year={2005},
volume={14},
number={10},
pages={1422-1434},
keywords={image registration;least squares approximations;optimisation;Fourier transforms;photography;log-polar mappings;spatial domain;Fourier-Mellin transform;image registration;array image pair;Corel Stock Photo Library;photographic image;Levenberg-Marquardt nonlinear least-squares optimization;large-scale similarity;projective transformation;Image registration;Large-scale systems;Layout;Cameras;Least squares methods;Computer vision;Image sensors;Image analysis;Object recognition;Fourier transforms;Image registration;Levenberg–Marquardt nonlinear least-squares optimization;log-polar transform;perspective transformation;similarity transformation;Algorithms;Artificial Intelligence;Image Enhancement;Image Interpretation, Computer-Assisted;Imaging, Three-Dimensional;Information Storage and Retrieval;Pattern Recognition, Automated;Photogrammetry;Subtraction Technique},
doi={10.1109/TIP.2005.854501},
ISSN={1057-7149},
month={Oct}}

@InProceedings{henriques17warp,
  title =    {Warped Convolutions: Efficient Invariance to Spatial Transformations},
  author =   {Jo{\~a}o F. Henriques and Andrea Vedaldi},
  booktitle =    {Proceedings of the 34th International Conference on Machine Learning},
  pages =    {1461--1469},
  year =   {2017},
  editor =   {Doina Precup and Yee Whye Teh},
  volume =   {70},
  series =   {Proceedings of Machine Learning Research},
  address =    {International Convention Centre, Sydney, Australia},
  month =    {06--11 Aug},
  publisher =    {PMLR},
  pdf =    {http://proceedings.mlr.press/v70/henriques17a/henriques17a.pdf},
  url =    {http://proceedings.mlr.press/v70/henriques17a.html},
  abstract =   {Convolutional Neural Networks (CNNs) are extremely efficient, since they exploit the inherent translation-invariance of natural images. However, translation is just one of a myriad of useful spatial transformations. Can the same efficiency be attained when considering other spatial invariances? Such generalized convolutions have been considered in the past, but at a high computational cost. We present a construction that is simple and exact, yet has the same computational complexity that standard convolutions enjoy. It consists of a constant image warp followed by a simple convolution, which are standard blocks in deep learning toolboxes. With a carefully crafted warp, the resulting architecture can be made equivariant to a wide range of two-parameter spatial transformations. We show encouraging results in realistic scenarios, including the estimation of vehicle poses in the Google Earth dataset (rotation and scale), and face poses in Annotated Facial Landmarks in the Wild (3D rotations under perspective).}
}

@ARTICLE{condon98nvss,
   author = {{Condon}, J.~J. and {Cotton}, W.~D. and {Greisen}, E.~W. and 
  {Yin}, Q.~F. and {Perley}, R.~A. and {Taylor}, G.~B. and {Broderick}, J.~J.
  },
    title = "{The NRAO VLA Sky Survey}",
  journal = {\aj},
 keywords = {CATALOGS, METHODS: DATA ANALYSIS, METHODS: OBSERVATIONAL, RADIO CONTINUUM, SURVEYS},
     year = 1998,
    month = may,
   volume = 115,
    pages = {1693-1716},
      doi = {10.1086/300337},
   adsurl = {http://adsabs.harvard.edu/abs/1998AJ....115.1693C},
  adsnote = {Provided by the SAO/NASA Astrophysics Data System}
}

@ARTICLE{mauch07rlf,
   author = {{Mauch}, T. and {Sadler}, E.~M.},
    title = "{Radio sources in the 6dFGS: local luminosity functions at 1.4GHz for star-forming galaxies and radio-loud AGN}",
  journal = {\mnras},
   eprint = {astro-ph/0612018},
 keywords = {surveys, galaxies: active, galaxies: luminosity function, mass function, galaxies: starburst, radio continuum: galaxies},
     year = 2007,
    month = mar,
   volume = 375,
    pages = {931-950},
      doi = {10.1111/j.1365-2966.2006.11353.x},
   adsurl = {http://adsabs.harvard.edu/abs/2007MNRAS.375..931M},
  adsnote = {Provided by the SAO/NASA Astrophysics Data System}
}


@INPROCEEDINGS{taylor05topcat,
   author = {{Taylor}, M.~B.},
    title = "{TOPCAT {\amp} STIL: Starlink Table/VOTable Processing Software}",
booktitle = {Astronomical Data Analysis Software and Systems XIV},
     year = 2005,
   series = {Astronomical Society of the Pacific Conference Series},
   volume = 347,
   editor = {{Shopbell}, P. and {Britton}, M. and {Ebert}, R.},
    month = dec,
    pages = {29},
   adsurl = {http://adsabs.harvard.edu/abs/2005ASPC..347...29T},
  adsnote = {Provided by the SAO/NASA Astrophysics Data System}
}

@ARTICLE{weston18lrpy,
   author = {{Weston}, S.~D. and {Seymour}, N. and {Gulyaev}, S. and {Norris}, R.~P. and 
  {Banfield}, J. and {Vaccari}, M. and {Hopkins}, A.~M. and {Franzen}, T.~M.~O.
  },
    title = "{Automated cross-identifying radio to infrared surveys using the LRPY algorithm: a case study}",
  journal = {\mnras},
archivePrefix = "arXiv",
   eprint = {1710.01449},
 keywords = {methods: data analysis, catalogues, surveys, radio continuum: galaxies},
     year = 2018,
    month = feb,
   volume = 473,
    pages = {4523-4537},
      doi = {10.1093/mnras/stx2562},
   adsurl = {http://adsabs.harvard.edu/abs/2018MNRAS.473.4523W},
  adsnote = {Provided by the SAO/NASA Astrophysics Data System}
}

@inproceedings{he2016resnet,
  title={Deep residual learning for image recognition},
  author={He, Kaiming and Zhang, Xiangyu and Ren, Shaoqing and Sun, Jian},
  booktitle={Proceedings of the IEEE conference on computer vision and pattern recognition},
  pages={770--778},
  year={2016}
}

@inproceedings{paszke2017pytorch,
  title={Automatic differentiation in PyTorch},
  author={Paszke, Adam and Gross, Sam and Chintala, Soumith and Chanan, Gregory and Yang, Edward and DeVito, Zachary and Lin, Zeming and Desmaison, Alban and Antiga, Luca and Lerer, Adam},
  booktitle={{NIPS 2017 Workshop Autodiff}},
  year={2017}
}

@article{kingma14adam,
  author    = {Diederik P. Kingma and Jimmy Ba},
  title     = {Adam: {A} Method for Stochastic Optimization},
  journal   = {CoRR},
  volume    = {abs/1412.6980},
  year      = {2014},
  url       = {http://arxiv.org/abs/1412.6980},
  archivePrefix = {arXiv},
  eprint    = {1412.6980},
  timestamp = {Mon, 13 Aug 2018 16:47:35 +0200},
  biburl    = {https://dblp.org/rec/bib/journals/corr/KingmaB14},
  bibsource = {dblp computer science bibliography, https://dblp.org}
}

@ARTICLE{pracy16rlf,
   author = {{Pracy}, M.~B. and {Ching}, J.~H.~Y. and {Sadler}, E.~M. and 
  {Croom}, S.~M. and {Baldry}, I.~K. and {Bland-Hawthorn}, J. and 
  {Brough}, S. and {Brown}, M.~J.~I. and {Couch}, W.~J. and {Davis}, T.~M. and 
  {Drinkwater}, M.~J. and {Hopkins}, A.~M. and {Jarvis}, M.~J. and 
  {Jelliffe}, B. and {Jurek}, R.~J. and {Loveday}, J. and {Pimbblet}, K.~A. and 
  {Prescott}, M. and {Wisnioski}, E. and {Woods}, D.},
    title = "{GAMA/WiggleZ: the 1.4 GHz radio luminosity functions of high- and low-excitation radio galaxies and their redshift evolution to z = 0.75}",
  journal = {\mnras},
archivePrefix = "arXiv",
   eprint = {1604.04332},
 keywords = {galaxies: active, radio continuum: galaxies},
     year = 2016,
    month = jul,
   volume = 460,
    pages = {2-17},
      doi = {10.1093/mnras/stw910},
   adsurl = {http://adsabs.harvard.edu/abs/2016MNRAS.460....2P},
  adsnote = {Provided by the SAO/NASA Astrophysics Data System}
}


@phdthesis{grant11polarised,
  author={Grant, Julie K.},
  title={Polarised Radio Sources: A Study of Luminosity, Redshift and Flux Density},
  school={University of Calgary},
  year=2011,
  pages={96--98}
}

@INPROCEEDINGS{condon91rlf,
   author = {{Condon}, J.~J.},
    title = "{Radio luminosity functions}",
 keywords = {Elliptical Galaxies, Luminosity, Radio Emission, Spiral Galaxies, Starburst Galaxies, Cosmology, Far Infrared Radiation, Galactic Evolution},
booktitle = {The Interpretation of Modern Synthesis Observations of Spiral Galaxies},
     year = 1991,
   series = {Astronomical Society of the Pacific Conference Series},
   volume = 18,
   editor = {{Duric}, N. and {Crane}, P.~C.},
    pages = {113-123},
   adsurl = {http://adsabs.harvard.edu/abs/1991ASPC...18..113C},
  adsnote = {Provided by the SAO/NASA Astrophysics Data System}
}


@article{sadler02rlf,
author = {Sadler, Elaine M. and Jackson, Carole A. and Cannon, Russell D. and McIntyre, Vincent J. and Murphy, Tara and Bland-Hawthorn, Joss and Bridges, Terry and Cole, Shaun and Colless, Matthew and Collins, Chris and Couch, Warrick and Dalton, Gavin and de Propris, Roberto and Driver, Simon P. and Efstathiou, George and Ellis, Richard S. and Frenk, Carlos S. and Glazebrook, Karl and Lahav, Ofer and Lewis, Ian and Lumsden, Stuart and Maddox, Steve and Madgwick, Darren and Norberg, Peder and Peacock, John A. and Peterson, Bruce A. and Sutherland, Will and Taylor, Keith},
title = {Radio sources in the 2dF Galaxy Redshift Survey – II. Local radio luminosity functions for AGN and star-forming galaxies at 1.4 GHz},
journal = {\mnras},
volume = {329},
number = {1},
pages = {227-245},
year = {2002},
doi = {10.1046/j.1365-8711.2002.04998.x},
URL = {http://dx.doi.org/10.1046/j.1365-8711.2002.04998.x},
eprint = {/oup/backfile/content_public/journal/mnras/329/1/10.1046/j.1365-8711.2002.04998.x/2/329-1-227.pdf}
}

@INPROCEEDINGS{condon96rlf,
   author = {{Condon}, J.~J.},
    title = "{Radio Luminosity Functions (Review)}",
booktitle = {Extragalactic Radio Sources},
     year = 1996,
   series = {IAU Symposium},
   volume = 175,
   editor = {{Ekers}, R.~D. and {Fanti}, C. and {Padrielli}, L.},
    pages = {535},
   adsurl = {http://adsabs.harvard.edu/abs/1996IAUS..175..535C},
  adsnote = {Provided by the SAO/NASA Astrophysics Data System}
}

@article{ineson17frii,
    author = {Ineson, J. and Croston, J. H. and Hardcastle, M. J. and Mingo, B.},
    title = "{A representative survey of the dynamics and energetics of FR II radio galaxies}",
    journal = {\mnras},
    volume = {467},
    number = {2},
    pages = {1586-1607},
    year = {2017},
    month = {01},
    abstract = "{We report the first large, systematic study of the dynamics and energetics of a representative sample of Fanaroff–Riley type II (FR II) radio galaxies with well-characterized group/cluster environments. We used X-ray inverse-Compton and radio synchrotron measurements to determine the internal radio-lobe conditions, and these were compared with external pressures acting on the lobes, determined from measurements of the thermal X-ray emission of the group/cluster. Consistent with previous work, we found that FR II radio lobes are typically electron dominated by a small factor relative to equipartition, and are overpressured relative to the external medium in their outer parts. These results suggest that there is typically no energetically significant proton population in the lobes of FR II radio galaxies (unlike for FR Is), and so for this population, inverse-Compton modelling provides an accurate way of measuring total energy content and estimating jet power. We estimated the distribution of Mach numbers for the population of expanding radio lobes, finding that at least half of the radio galaxies are currently driving strong shocks into their group/cluster environments. Finally, we determined a jet power–radio luminosity relation for FR II radio galaxies based on our estimates of lobe internal energy and Mach number. The slope and normalization of this relation are consistent with theoretical expectations, given the departure from equipartition and environmental distribution for our sample.}",
    issn = {0035-8711},
    doi = {10.1093/mnras/stx189},
    url = {https://dx.doi.org/10.1093/mnras/stx189},
    eprint = {http://oup.prod.sis.lan/mnras/article-pdf/467/2/1586/10874374/stx189.pdf},
}

@article{urry95unified,
  title={Unified schemes for radio-loud active galactic nuclei},
  author={Urry, C Megan and Padovani, Paolo},
  journal={Publications of the Astronomical Society of the Pacific},
  volume={107},
  number={715},
  pages={803},
  year={1995},
  publisher={IOP Publishing}
}

@INPROCEEDINGS{owen94fri,
   author = {{Owen}, F.~N. and {Ledlow}, M.~J.},
    title = "{The FRI/II Break and the Bivariate Luminosity Function in Abell Clusters of Galaxies}",
booktitle = {The Physics of Active Galaxies},
     year = 1994,
   series = {Astronomical Society of the Pacific Conference Series},
   volume = 54,
   editor = {{Bicknell}, G.~V. and {Dopita}, M.~A. and {Quinn}, P.~J.},
    pages = {319},
   adsurl = {http://adsabs.harvard.edu/abs/1994ASPC...54..319O},
  adsnote = {Provided by the SAO/NASA Astrophysics Data System}
}

@inproceedings{seung92qbc,
 author = {Seung, H. S. and Opper, M. and Sompolinsky, H.},
 title = {Query by Committee},
 booktitle = {Proceedings of the Fifth Annual Workshop on Computational Learning Theory},
 series = {COLT '92},
 year = {1992},
 isbn = {0-89791-497-X},
 location = {Pittsburgh, Pennsylvania, USA},
 pages = {287--294},
 numpages = {8},
 url = {http://doi.acm.org/10.1145/130385.130417},
 doi = {10.1145/130385.130417},
 acmid = {130417},
 publisher = {ACM},
 address = {New York, NY, USA},
} 

@inproceedings{lakshminarayanan17uncertainty,
  title={Simple and scalable predictive uncertainty estimation using deep ensembles},
  author={Lakshminarayanan, Balaji and Pritzel, Alexander and Blundell, Charles},
  booktitle={Advances in Neural Information Processing Systems},
  pages={6402--6413},
  year={2017}
}

@article{best05agn,
    author = {Best, P. N. and Kauffmann, G. and Heckman, T. M. and Brinchmann, J. and Charlot, S. and Ivezić, Ž. and White, S. D. M.},
    title = "{The host galaxies of radio-loud active galactic nuclei: mass dependences, gas cooling and active galactic nuclei feedback}",
    journal = {\mnras},
    volume = {362},
    number = {1},
    pages = {25-40},
    year = {2005},
    month = {09},
    abstract = "{The properties of the host galaxies of a well-defined sample of 2215 radio-loud active galactic nuclei (AGN) with redshifts 0.03 \\&lt; z \\&lt; 0.3, defined from the Sloan Digital Sky Survey (SDSS), are investigated. These are predominantly low radio-luminosity sources, with 1.4-GHz luminosities in the range 1023–1025 W Hz−1. The fraction of galaxies that host radio-loud AGN with L1.4 GHz \\&gt; 1023W Hz−1 is a strong function of stellar mass, rising from nearly zero below a stellar mass of 1010M⊙ to more than 30 per cent at stellar masses of 5 × 1011M⊙. In contrast to the integrated [Oiii] luminosity density from emission-line AGN, which is mainly produced by black holes with masses below 108M⊙, the integrated radio luminosity density comes from the most massive black holes in the Universe. The integral radio luminosity function is derived in six ranges of stellar and black hole masses. Its shape is very similar in all of these ranges and can be well fitted by a broken power law. Its normalization varies strongly with mass, as M2.5* or M1.6BH; this scaling only begins to break down when the predicted radio-loud fraction exceeds 20–30 per cent. There is no correlation between radio and emission-line luminosities for the radio-loud AGN in the sample and the probability that a galaxy of given mass is radio loud is independent of whether it is optically classified as an AGN. The host galaxies of the radio-loud AGN have properties similar to those of ordinary galaxies of the same mass, with a tendency for radio-loud AGN to be found in larger galaxies and in richer environments. The host galaxies of radio-loud AGN with emission lines match those of their radio-quiet counterparts.All of these findings support the conclusion that the optical AGN and low radio-luminosity AGN phenomena are independent and are triggered by different physical mechanisms. Intriguingly, the dependence on black hole mass of the radio-loud AGN fraction mirrors that of the rate at which gas cools from the hot atmospheres of elliptical galaxies. It is speculated that gas cooling provides a natural explanation for the origin of the radio-loud AGN activity, and it is argued that AGN heating could plausibly balance the cooling of the gas over time.}",
    issn = {0035-8711},
    doi = {10.1111/j.1365-2966.2005.09192.x},
    url = {https://dx.doi.org/10.1111/j.1365-2966.2005.09192.x},
    eprint = {http://oup.prod.sis.lan/mnras/article-pdf/362/1/25/6029587/362-1-25.pdf},
}

@ARTICLE{osullivan11jets,
   author = {{O'Sullivan}, E. and {Giacintucci}, S. and {David}, L.~P. and 
  {Gitti}, M. and {Vrtilek}, J.~M. and {Raychaudhury}, S. and 
  {Ponman}, T.~J.},
    title = "{Heating the Hot Atmospheres of Galaxy Groups and Clusters with Cavities: The Relationship between Jet Power and Low-frequency Radio Emission}",
  journal = {\apj},
archivePrefix = "arXiv",
   eprint = {1104.2411},
 keywords = {galaxies: active, galaxies: clusters: general, galaxies: clusters: intracluster medium, galaxies: groups: general, X-rays: galaxies: clusters},
     year = 2011,
    month = jul,
   volume = 735,
      eid = {11},
    pages = {11},
      doi = {10.1088/0004-637X/735/1/11},
   adsurl = {http://adsabs.harvard.edu/abs/2011ApJ...735...11O},
  adsnote = {Provided by the SAO/NASA Astrophysics Data System}
}

@ARTICLE{rodman19asymmetry,
   author = {{Rodman}, P.~E. and {Turner}, R.~J. and {Shabala}, S.~S. and 
  {Banfield}, J.~K. and {Wong}, O.~I. and {Andernach}, H. and 
  {Garon}, A.~F. and {Kapi{\'n}ska}, A.~D. and {Norris}, R.~P. and 
  {Rudnick}, L.},
    title = "{Radio Galaxy Zoo: observational evidence for environment as the cause of radio source asymmetry}",
  journal = {\mnras},
archivePrefix = "arXiv",
   eprint = {1811.03726},
 keywords = {galaxies: active, galaxies: jets, radio continuum: galaxies},
     year = 2019,
    month = feb,
   volume = 482,
    pages = {5625-5641},
      doi = {10.1093/mnras/sty3070},
   adsurl = {http://adsabs.harvard.edu/abs/2019MNRAS.482.5625R},
  adsnote = {Provided by the SAO/NASA Astrophysics Data System}
}

@ARTICLE{wu19claran,
       author = {{Wu}, Chen and {Wong}, Oiwei Ivy and {Rudnick}, Lawrence and
         {Shabala}, Stanislav S. and {Alger}, Matthew J. and
         {Banfield}, Julie K. and {Ong}, Cheng Soon and {White}, Sarah V. and
         {Garon}, Avery F. and {Norris}, Ray P. and {Andernach}, Heinz and
         {Tate}, Jean and {Lukic}, Vesna and {Tang}, Hongming and
         {Schawinski}, Kevin and {Diakogiannis}, Foivos I.},
        title = "{Radio Galaxy Zoo: CLARAN - a deep learning classifier for radio morphologies}",
      journal = {\mnras},
     keywords = {methods: numerical, methods: statistical, techniques: image processing, galaxies: active, radio continuum: galaxies, Astrophysics - Instrumentation and Methods for Astrophysics},
         year = "2019",
        month = "Jan",
       volume = {482},
        pages = {1211-1230},
          doi = {10.1093/mnras/sty2646},
archivePrefix = {arXiv},
       eprint = {1805.12008},
 primaryClass = {astro-ph.IM},
       adsurl = {https://ui.adsabs.harvard.edu/\#abs/2019MNRAS.482.1211W},
      adsnote = {Provided by the SAO/NASA Astrophysics Data System}
}

@ARTICLE{sadler14radio,
   author = {{Sadler}, E.~M. and {Ekers}, R.~D. and {Mahony}, E.~K. and {Mauch}, T. and 
  {Murphy}, T.},
    title = "{The local radio-galaxy population at 20 GHz}",
  journal = {\mnras},
archivePrefix = "arXiv",
   eprint = {1304.0268},
 keywords = {catalogues, surveys, galaxies: active, radio continuum: galaxies, radio continuum: general},
     year = 2014,
    month = feb,
   volume = 438,
    pages = {796-824},
      doi = {10.1093/mnras/stt2239},
   adsurl = {http://adsabs.harvard.edu/abs/2014MNRAS.438..796S},
  adsnote = {Provided by the SAO/NASA Astrophysics Data System}
}

@ARTICLE{sdss,
       author = {{Aguado}, D.~S. and {Ahumada}, Romina and {Almeida}, Andr{\'e}s and
         {Anderson}, Scott F. and {Andrews}, Brett H. and {Anguiano}, Borja and
         {Aquino Ort{\'\i}z}, Erik and {Arag{\'o}n-Salamanca}, Alfonso and
         {Argudo-Fern{\'a}ndez}, Maria and {Aubert}, Marie},
        title = "{The Fifteenth Data Release of the Sloan Digital Sky Surveys: First Release of MaNGA-derived Quantities, Data Visualization Tools, and Stellar Library}",
      journal = {\apjs},
     keywords = {atlases, catalogs, surveys, Astrophysics - Instrumentation and Methods for Astrophysics},
         year = "2019",
        month = "Feb",
       volume = {240},
       number = {2},
          eid = {23},
        pages = {23},
          doi = {10.3847/1538-4365/aaf651},
archivePrefix = {arXiv},
       eprint = {1812.02759},
 primaryClass = {astro-ph.IM},
       adsurl = {https://ui.adsabs.harvard.edu/abs/2019ApJS..240...23A},
      adsnote = {Provided by the SAO/NASA Astrophysics Data System}
}



@ARTICLE{schmidt1968vmax,
   author = {{Schmidt}, M.},
    title = "{Space Distribution and Luminosity Functions of Quasi-Stellar Radio Sources}",
  journal = {\apj},
     year = 1968,
    month = feb,
   volume = 151,
    pages = {393},
      doi = {10.1086/149446},
   adsurl = {http://adsabs.harvard.edu/abs/1968ApJ...151..393S},
  adsnote = {Provided by the SAO/NASA Astrophysics Data System}
}

@article{helfand15first,
  doi = {10.1088/0004-637x/801/1/26},
  url = {https://doi.org/10.1088%2F0004-637x%2F801%2F1%2F26},
  year = 2015,
  month = {feb},
  publisher = {{IOP} Publishing},
  volume = {801},
  number = {1},
  pages = {26},
  author = {David J. Helfand and Richard L. White and Robert H. Becker},
  title = {{THE} {LAST} {OFFIRST}: {THE} {FINAL} {CATALOG} {AND} {SOURCE} {IDENTIFICATIONS}},
  journal = {The Astrophysical Journal},
}

@article{garon19bending,
  doi = {10.3847/1538-3881/aaff62},
  url = {https://doi.org/10.3847%2F1538-3881%2Faaff62},
  year = 2019,
  month = {mar},
  publisher = {American Astronomical Society},
  volume = {157},
  number = {3},
  pages = {126},
  author = {Avery F. Garon and Lawrence Rudnick and O. Ivy Wong and Tom W. Jones and Jin-Ah Kim and Heinz Andernach and Stanislav S. Shabala and Anna D. Kapi{\'{n}}ska and Ray P. Norris and Francesco de Gasperin and Jean Tate and Hongming Tang},
  title = {Radio Galaxy Zoo: The Distortion of Radio Galaxies by Galaxy Clusters},
  journal = {\aj},
}

@ARTICLE{schmidt68vmax,
   author = {{Schmidt}, M.},
    title = "{Space Distribution and Luminosity Functions of Quasi-Stellar Radio Sources}",
  journal = {\apj},
     year = 1968,
    month = feb,
   volume = 151,
    pages = {393},
      doi = {10.1086/149446},
   adsurl = {http://adsabs.harvard.edu/abs/1968ApJ...151..393S},
  adsnote = {Provided by the SAO/NASA Astrophysics Data System}
}


@ARTICLE{strauss02sdss,
   author = {{Strauss}, M.~A. and {Weinberg}, D.~H. and {Lupton}, R.~H. and 
  {Narayanan}, V.~K. and {Annis}, J. and {Bernardi}, M. and {Blanton}, M. and 
  {Burles}, S. and {Connolly}, A.~J. and {Dalcanton}, J. and {Doi}, M. and 
  {Eisenstein}, D. and {Frieman}, J.~A. and {Fukugita}, M. and 
  {Gunn}, J.~E. and {Ivezi{\'c}}, {\v Z}. and {Kent}, S. and {Kim}, R.~S.~J. and 
  {Knapp}, G.~R. and {Kron}, R.~G. and {Munn}, J.~A. and {Newberg}, H.~J. and 
  {Nichol}, R.~C. and {Okamura}, S. and {Quinn}, T.~R. and {Richmond}, M.~W. and 
  {Schlegel}, D.~J. and {Shimasaku}, K. and {SubbaRao}, M. and 
  {Szalay}, A.~S. and {Vanden Berk}, D. and {Vogeley}, M.~S. and 
  {Yanny}, B. and {Yasuda}, N. and {York}, D.~G. and {Zehavi}, I.
  },
    title = "{Spectroscopic Target Selection in the Sloan Digital Sky Survey: The Main Galaxy Sample}",
  journal = {\aj},
   eprint = {astro-ph/0206225},
 keywords = {Galaxies: Distances and Redshifts, Galaxies: Photometry, Surveys},
     year = 2002,
    month = sep,
   volume = 124,
    pages = {1810-1824},
      doi = {10.1086/342343},
   adsurl = {http://adsabs.harvard.edu/abs/2002AJ....124.1810S},
  adsnote = {Provided by the SAO/NASA Astrophysics Data System}
}
@ARTICLE{raouf17agn,
   author = {{Raouf}, M. and {Shabala}, S.~S. and {Croton}, D.~J. and {Khosroshahi}, H.~G. and 
  {Bernyk}, M.},
    title = "{The many lives of active galactic nuclei-II: The formation and evolution of radio jets and their impact on galaxy evolution}",
  journal = {\mnras},
archivePrefix = "arXiv",
   eprint = {1706.06595},
 keywords = {methods: numerical, galaxies: active, galaxies: evolution, galaxies: haloes, galaxies: jets},
     year = 2017,
    month = oct,
   volume = 471,
    pages = {658-670},
      doi = {10.1093/mnras/stx1598},
   adsurl = {http://adsabs.harvard.edu/abs/2017MNRAS.471..658R},
  adsnote = {Provided by the SAO/NASA Astrophysics Data System}
}

@ARTICLE{hardcastle14lobes,
   author = {{Hardcastle}, M.~J. and {Krause}, M.~G.~H.},
    title = "{Numerical modelling of the lobes of radio galaxies in cluster environments - II. Magnetic field configuration and observability}",
  journal = {\mnras},
archivePrefix = "arXiv",
   eprint = {1406.5300},
 primaryClass = "astro-ph.HE",
 keywords = {hydrodynamics, galaxies: active, galaxies: jets, galaxies: magnetic fields},
     year = 2014,
    month = sep,
   volume = 443,
    pages = {1482-1499},
      doi = {10.1093/mnras/stu1229},
   adsurl = {http://adsabs.harvard.edu/abs/2014MNRAS.443.1482H},
  adsnote = {Provided by the SAO/NASA Astrophysics Data System}
}

@ARTICLE{godfrey16power,
   author = {{Godfrey}, L.~E.~H. and {Shabala}, S.~S.},
    title = "{Mutual distance dependence drives the observed jet-power-radio-luminosity scaling relations in radio galaxies}",
  journal = {\mnras},
archivePrefix = "arXiv",
   eprint = {1511.06007},
 keywords = {galaxies: active, galaxies: jets, radio continuum: galaxies},
     year = 2016,
    month = feb,
   volume = 456,
    pages = {1172-1184},
      doi = {10.1093/mnras/stv2712},
   adsurl = {http://adsabs.harvard.edu/abs/2016MNRAS.456.1172G},
  adsnote = {Provided by the SAO/NASA Astrophysics Data System}
}

@ARTICLE{hardcastle13lobes,
   author = {{Hardcastle}, M.~J. and {Krause}, M.~G.~H.},
    title = "{Numerical modelling of the lobes of radio galaxies in cluster environments}",
  journal = {\mnras},
archivePrefix = "arXiv",
   eprint = {1301.2531},
 keywords = {hydrodynamics, galaxies: active, galaxies: jets, radio continuum: galaxies},
     year = 2013,
    month = mar,
   volume = 430,
    pages = {174-196},
      doi = {10.1093/mnras/sts564},
   adsurl = {http://adsabs.harvard.edu/abs/2013MNRAS.430..174H},
  adsnote = {Provided by the SAO/NASA Astrophysics Data System}
}


@ARTICLE{willott99radio,
   author = {{Willott}, C.~J. and {Rawlings}, S. and {Blundell}, K.~M. and 
  {Lacy}, M.},
    title = "{The emission line-radio correlation for radio sources using the 7C Redshift Survey}",
  journal = {\mnras},
   eprint = {astro-ph/9905388},
     year = 1999,
    month = nov,
   volume = 309,
    pages = {1017-1033},
      doi = {10.1046/j.1365-8711.1999.02907.x},
   adsurl = {http://adsabs.harvard.edu/abs/1999MNRAS.309.1017W},
  adsnote = {Provided by the SAO/NASA Astrophysics Data System}
}


@ARTICLE{birzan08power,
   author = {{B{\^i}rzan}, L. and {McNamara}, B.~R. and {Nulsen}, P.~E.~J. and 
  {Carilli}, C.~L. and {Wise}, M.~W.},
    title = "{Radiative Efficiency and Content of Extragalactic Radio Sources: Toward a Universal Scaling Relation between Jet Power and Radio Power}",
  journal = {\apj},
archivePrefix = "arXiv",
   eprint = {0806.1929},
 keywords = {galaxies: active, galaxies: clusters: general, radio continuum: galaxies, X-rays: galaxies, X-rays: galaxies: clusters},
     year = 2008,
    month = oct,
   volume = 686,
    pages = {859-880},
      doi = {10.1086/591416},
   adsurl = {http://adsabs.harvard.edu/abs/2008ApJ...686..859B},
  adsnote = {Provided by the SAO/NASA Astrophysics Data System}
}


@ARTICLE{cavagnolo10relation,
       author = {{Cavagnolo}, K.~W. and {McNamara}, B.~R. and {Nulsen}, P.~E.~J. and
         {Carilli}, C.~L. and {Jones}, C. and {B{\^\i}rzan}, L.},
        title = "{A Relationship Between AGN Jet Power and Radio Power}",
      journal = {\apj},
     keywords = {galaxies: active, galaxies: clusters: general, radio continuum: galaxies, X-rays: galaxies, Astrophysics - Cosmology and Nongalactic Astrophysics},
         year = "2010",
        month = "Sep",
       volume = {720},
        pages = {1066-1072},
          doi = {10.1088/0004-637X/720/2/1066},
archivePrefix = {arXiv},
       eprint = {1006.5699},
 primaryClass = {astro-ph.CO},
       adsurl = {https://ui.adsabs.harvard.edu/\#abs/2010ApJ...720.1066C},
      adsnote = {Provided by the SAO/NASA Astrophysics Data System}
}


@ARTICLE{turner15agn,
       author = {{Turner}, Ross J. and {Shabala}, Stanislav S.},
        title = "{Energetics and Lifetimes of Local Radio Active Galactic Nuclei}",
      journal = {\apj},
     keywords = {galaxies: active, galaxies: evolution, galaxies: jets, radio continuum: galaxies, Astrophysics - Astrophysics of Galaxies, Astrophysics - High Energy Astrophysical Phenomena},
         year = "2015",
        month = "Jun",
       volume = {806},
          eid = {59},
        pages = {59},
          doi = {10.1088/0004-637X/806/1/59},
archivePrefix = {arXiv},
       eprint = {1504.05204},
 primaryClass = {astro-ph.GA},
       adsurl = {https://ui.adsabs.harvard.edu/\#abs/2015ApJ...806...59T},
      adsnote = {Provided by the SAO/NASA Astrophysics Data System}
}


@ARTICLE{bicknell97css,
   author = {{Bicknell}, G.~V. and {Dopita}, M.~A. and {O'Dea}, C.~P.~O.},
    title = "{Unification of the Radio and Optical Properties of Gigahertz Peak Spectrum and Compact Steep-Spectrum Radio Sources}",
  journal = {\apj},
 keywords = {Radio Continuum: Galaxies},
     year = 1997,
    month = aug,
   volume = 485,
    pages = {112-124},
      doi = {10.1086/304400},
   adsurl = {http://adsabs.harvard.edu/abs/1997ApJ...485..112B},
  adsnote = {Provided by the SAO/NASA Astrophysics Data System}
}


@ARTICLE{becker95first,
   author = {{Becker}, R.~H. and {White}, R.~L. and {Helfand}, D.~J.},
    title = "{The FIRST Survey: Faint Images of the Radio Sky at Twenty Centimeters}",
  journal = {\apj},
 keywords = {RADIO CONTINUUM: GENERAL, SURVEYS},
     year = 1995,
    month = sep,
   volume = 450,
    pages = {559},
      doi = {10.1086/176166},
   adsurl = {http://adsabs.harvard.edu/abs/1995ApJ...450..559B},
  adsnote = {Provided by the SAO/NASA Astrophysics Data System}
}
@ARTICLE{condon19rlf,
       author = {{Condon}, J.~J. and {Matthews}, A.~M. and {Broderick}, J.~J.},
        title = "{Radio Sources in the Nearby Universe}",
      journal = {\apj},
     keywords = {catalogs, galaxies: active, galaxies: luminosity function, mass function, galaxies: star formation, infrared: galaxies, radio continuum: galaxies, Astrophysics - Astrophysics of Galaxies},
         year = "2019",
        month = "Feb",
       volume = {872},
          eid = {148},
        pages = {148},
          doi = {10.3847/1538-4357/ab0301},
archivePrefix = {arXiv},
       eprint = {1901.10046},
 primaryClass = {astro-ph.GA},
       adsurl = {https://ui.adsabs.harvard.edu/abs/2019ApJ...872..148C},
      adsnote = {Provided by the SAO/NASA Astrophysics Data System}
}

@ARTICLE{condon92radio,
   author = {{Condon}, J.~J.},
    title = "{Radio emission from normal galaxies}",
  journal = {\araa},
 keywords = {Cosmic Rays, Radio Emission, Radio Sources (Astronomy), Star Formation, Starburst Galaxies, Synchrotron Radiation, Black Holes (Astronomy), H Ii Regions, Infrared Radiation, Relativistic Particles},
     year = 1992,
   volume = 30,
    pages = {575-611},
      doi = {10.1146/annurev.aa.30.090192.003043},
   adsurl = {http://adsabs.harvard.edu/abs/1992ARA%26A..30..575C},
  adsnote = {Provided by the SAO/NASA Astrophysics Data System}
}

@ARTICLE{kochanek01kband,
   author = {{Kochanek}, C.~S. and {Pahre}, M.~A. and {Falco}, E.~E. and 
  {Huchra}, J.~P. and {Mader}, J. and {Jarrett}, T.~H. and {Chester}, T. and 
  {Cutri}, R. and {Schneider}, S.~E.},
    title = "{The K-Band Galaxy Luminosity Function}",
  journal = {\apj},
   eprint = {astro-ph/0011456},
 keywords = {Cosmology: Observations, Galaxies: Distances and Redshifts, Galaxies: Luminosity Function, Mass Function, Surveys},
     year = 2001,
    month = oct,
   volume = 560,
    pages = {566-579},
      doi = {10.1086/322488},
   adsurl = {http://adsabs.harvard.edu/abs/2001ApJ...560..566K},
  adsnote = {Provided by the SAO/NASA Astrophysics Data System}
}
@ARTICLE{best09radio,
   author = {{Best}, P.~N.},
    title = "{Radio source populations: Results from SDSS}",
  journal = {Astronomische Nachrichten},
 keywords = {galaxies: active, radio continuum: galaxies},
     year = 2009,
    month = feb,
   volume = 330,
    pages = {184-189},
      doi = {10.1002/asna.200811152},
   adsurl = {http://adsabs.harvard.edu/abs/2009AN....330..184B},
  adsnote = {Provided by the SAO/NASA Astrophysics Data System}
}

@ARTICLE{schlafly19unwise,
   author = {{Schlafly}, E.~F. and {Meisner}, A.~M. and {Green}, G.~M.},
    title = "{The unWISE Catalog: Two Billion Infrared Sources from Five Years of WISE Imaging}",
  journal = {\apjs},
archivePrefix = "arXiv",
   eprint = {1901.03337},
 primaryClass = "astro-ph.IM",
 keywords = {catalogs, infrared: general, surveys, techniques: photometric},
     year = 2019,
    month = feb,
   volume = 240,
      eid = {30},
    pages = {30},
      doi = {10.3847/1538-4365/aafbea},
   adsurl = {http://adsabs.harvard.edu/abs/2019ApJS..240...30S},
  adsnote = {Provided by the SAO/NASA Astrophysics Data System}
}


@ARTICLE{gaia18dr2,
       author = {{Gaia Collaboration} and {Brown}, A.~G.~A. and {Vallenari}, A. and
         {Prusti}, T. and {de Bruijne}, J.~H.~J. and {Babusiaux}, C. and
         {Bailer-Jones}, C.~A.~L. and {Biermann}, M. and {Evans}, D.~W. and
         {Eyer}, L. and {Jansen}, F. and {Jordi}, C. and {Klioner}, S.~A. and
         {Lammers}, U. and {Lindegren}, L. and {Luri}, X. and {Mignard}, F. and
         {Panem}, C. and {Pourbaix}, D. and {Randich}, S. and {Sartoretti}, P. and
         {Siddiqui}, H.~I. and {Soubiran}, C. and {van Leeuwen}, F. and
         {Walton}, N.~A. and {Arenou}, F. and {Bastian}, U. and {Cropper}, M. and
         {Drimmel}, R. and {Katz}, D. and {Lattanzi}, M.~G. and {Bakker}, J. and
         {Cacciari}, C. and {Casta{\~n}eda}, J. and {Chaoul}, L. and
         {Cheek}, N. and {De Angeli}, F. and {Fabricius}, C. and {Guerra}, R. and
         {Holl}, B. and {Masana}, E. and {Messineo}, R. and {Mowlavi}, N. and
         {Nienartowicz}, K. and {Panuzzo}, P. and {Portell}, J. and
         {Riello}, M. and {Seabroke}, G.~M. and {Tanga}, P. and
         {Th{\'e}venin}, F. and {Gracia-Abril}, G. and {Comoretto}, G. and
         {Garcia-Reinaldos}, M. and {Teyssier}, D. and {Altmann}, M. and
         {Andrae}, R. and {Audard}, M. and {Bellas-Velidis}, I. and
         {Benson}, K. and {Berthier}, J. and {Blomme}, R. and {Burgess}, P. and
         {Busso}, G. and {Carry}, B. and {Cellino}, A. and {Clementini}, G. and
         {Clotet}, M. and {Creevey}, O. and {Davidson}, M. and {De Ridder}, J. and
         {Delchambre}, L. and {Dell'Oro}, A. and {Ducourant}, C. and
         {Fern{\'a}ndez-Hern{\'a}ndez}, J. and {Fouesneau}, M. and
         {Fr{\'e}mat}, Y. and {Galluccio}, L. and {Garc{\'\i}a-Torres}, M. and
         {Gonz{\'a}lez-N{\'u}{\~n}ez}, J. and {Gonz{\'a}lez-Vidal}, J.~J. and
         {Gosset}, E. and {Guy}, L.~P. and {Halbwachs}, J. -L. and
         {Hambly}, N.~C. and {Harrison}, D.~L. and {Hern{\'a}ndez}, J. and
         {Hestroffer}, D. and {Hodgkin}, S.~T. and {Hutton}, A. and
         {Jasniewicz}, G. and {Jean-Antoine-Piccolo}, A. and {Jordan}, S. and
         {Korn}, A.~J. and {Krone-Martins}, A. and {Lanzafame}, A.~C. and
         {Lebzelter}, T. and {L{\"o}ffler}, W. and {Manteiga}, M. and
         {Marrese}, P.~M. and {Mart{\'\i}n-Fleitas}, J.~M. and {Moitinho}, A. and
         {Mora}, A. and {Muinonen}, K. and {Osinde}, J. and {Pancino}, E. and
         {Pauwels}, T. and {Petit}, J. -M. and {Recio-Blanco}, A. and
         {Richards}, P.~J. and {Rimoldini}, L. and {Robin}, A.~C. and
         {Sarro}, L.~M. and {Siopis}, C. and {Smith}, M. and {Sozzetti}, A. and
         {S{\"u}veges}, M. and {Torra}, J. and {van Reeven}, W. and {Abbas}, U. and
         {Abreu Aramburu}, A. and {Accart}, S. and {Aerts}, C. and
         {Altavilla}, G. and {{\'A}lvarez}, M.~A. and {Alvarez}, R. and
         {Alves}, J. and {Anderson}, R.~I. and {Andrei}, A.~H. and
         {Anglada Varela}, E. and {Antiche}, E. and {Antoja}, T. and
         {Arcay}, B. and {Astraatmadja}, T.~L. and {Bach}, N. and
         {Baker}, S.~G. and {Balaguer-N{\'u}{\~n}ez}, L. and {Balm}, P. and
         {Barache}, C. and {Barata}, C. and {Barbato}, D. and {Barblan}, F. and
         {Barklem}, P.~S. and {Barrado}, D. and {Barros}, M. and
         {Barstow}, M.~A. and {Bartholom{\'e} Mu{\~n}oz}, S. and
         {Bassilana}, J. -L. and {Becciani}, U. and {Bellazzini}, M. and
         {Berihuete}, A. and {Bertone}, S. and {Bianchi}, L. and
         {Bienaym{\'e}}, O. and {Blanco-Cuaresma}, S. and {Boch}, T. and
         {Boeche}, C. and {Bombrun}, A. and {Borrachero}, R. and {Bossini}, D. and
         {Bouquillon}, S. and {Bourda}, G. and {Bragaglia}, A. and
         {Bramante}, L. and {Breddels}, M.~A. and {Bressan}, A. and
         {Brouillet}, N. and {Br{\"u}semeister}, T. and {Brugaletta}, E. and
         {Bucciarelli}, B. and {Burlacu}, A. and {Busonero}, D. and
         {Butkevich}, A.~G. and {Buzzi}, R. and {Caffau}, E. and
         {Cancelliere}, R. and {Cannizzaro}, G. and {Cantat-Gaudin}, T. and
         {Carballo}, R. and {Carlucci}, T. and {Carrasco}, J.~M. and
         {Casamiquela}, L. and {Castellani}, M. and {Castro-Ginard}, A. and
         {Charlot}, P. and {Chemin}, L. and {Chiavassa}, A. and {Cocozza}, G. and
         {Costigan}, G. and {Cowell}, S. and {Crifo}, F. and {Crosta}, M. and
         {Crowley}, C. and {Cuypers}, J. and {Dafonte}, C. and {Damerdji}, Y. and
         {Dapergolas}, A. and {David}, P. and {David}, M. and {de Laverny}, P. and
         {De Luise}, F. and {De March}, R. and {de Martino}, D. and
         {de Souza}, R. and {de Torres}, A. and {Debosscher}, J. and
         {del Pozo}, E. and {Delbo}, M. and {Delgado}, A. and {Delgado}, H.~E. and
         {Di Matteo}, P. and {Diakite}, S. and {Diener}, C. and {Distefano}, E. and
         {Dolding}, C. and {Drazinos}, P. and {Dur{\'a}n}, J. and
         {Edvardsson}, B. and {Enke}, H. and {Eriksson}, K. and {Esquej}, P. and
         {Eynard Bontemps}, G. and {Fabre}, C. and {Fabrizio}, M. and
         {Faigler}, S. and {Falc{\~a}o}, A.~J. and {Farr{\`a}s Casas}, M. and
         {Federici}, L. and {Fedorets}, G. and {Fernique}, P. and
         {Figueras}, F. and {Filippi}, F. and {Findeisen}, K. and {Fonti}, A. and
         {Fraile}, E. and {Fraser}, M. and {Fr{\'e}zouls}, B. and {Gai}, M. and
         {Galleti}, S. and {Garabato}, D. and {Garc{\'\i}a-Sedano}, F. and
         {Garofalo}, A. and {Garralda}, N. and {Gavel}, A. and {Gavras}, P. and
         {Gerssen}, J. and {Geyer}, R. and {Giacobbe}, P. and {Gilmore}, G. and
         {Girona}, S. and {Giuffrida}, G. and {Glass}, F. and {Gomes}, M. and
         {Granvik}, M. and {Gueguen}, A. and {Guerrier}, A. and {Guiraud}, J. and
         {Guti{\'e}rrez-S{\'a}nchez}, R. and {Haigron}, R. and
         {Hatzidimitriou}, D. and {Hauser}, M. and {Haywood}, M. and
         {Heiter}, U. and {Helmi}, A. and {Heu}, J. and {Hilger}, T. and
         {Hobbs}, D. and {Hofmann}, W. and {Holland}, G. and {Huckle}, H.~E. and
         {Hypki}, A. and {Icardi}, V. and {Jan{\ss}en}, K. and
         {Jevardat de Fombelle}, G. and {Jonker}, P.~G. and
         {Juh{\'a}sz}, {\'A}. L. and {Julbe}, F. and {Karampelas}, A. and
         {Kewley}, A. and {Klar}, J. and {Kochoska}, A. and {Kohley}, R. and
         {Kolenberg}, K. and {Kontizas}, M. and {Kontizas}, E. and
         {Koposov}, S.~E. and {Kordopatis}, G. and {Kostrzewa-Rutkowska}, Z. and
         {Koubsky}, P. and {Lambert}, S. and {Lanza}, A.~F. and {Lasne}, Y. and
         {Lavigne}, J. -B. and {Le Fustec}, Y. and {Le Poncin-Lafitte}, C. and
         {Lebreton}, Y. and {Leccia}, S. and {Leclerc}, N. and
         {Lecoeur-Taibi}, I. and {Lenhardt}, H. and {Leroux}, F. and {Liao}, S. and
         {Licata}, E. and {Lindstr{\o}m}, H.~E.~P. and {Lister}, T.~A. and
         {Livanou}, E. and {Lobel}, A. and {L{\'o}pez}, M. and {Managau}, S. and
         {Mann}, R.~G. and {Mantelet}, G. and {Marchal}, O. and
         {Marchant}, J.~M. and {Marconi}, M. and {Marinoni}, S. and
         {Marschalk{\'o}}, G. and {Marshall}, D.~J. and {Martino}, M. and
         {Marton}, G. and {Mary}, N. and {Massari}, D. and
         {Matijevi{\v{c}}}, G. and {Mazeh}, T. and {McMillan}, P.~J. and
         {Messina}, S. and {Michalik}, D. and {Millar}, N.~R. and {Molina}, D. and
         {Molinaro}, R. and {Moln{\'a}r}, L. and {Montegriffo}, P. and
         {Mor}, R. and {Morbidelli}, R. and {Morel}, T. and {Morris}, D. and
         {Mulone}, A.~F. and {Muraveva}, T. and {Musella}, I. and
         {Nelemans}, G. and {Nicastro}, L. and {Noval}, L. and {O'Mullane}, W. and
         {Ord{\'e}novic}, C. and {Ord{\'o}{\~n}ez-Blanco}, D. and {Osborne}, P. and
         {Pagani}, C. and {Pagano}, I. and {Pailler}, F. and {Palacin}, H. and
         {Palaversa}, L. and {Panahi}, A. and {Pawlak}, M. and
         {Piersimoni}, A.~M. and {Pineau}, F. -X. and {Plachy}, E. and
         {Plum}, G. and {Poggio}, E. and {Poujoulet}, E. and {Pr{\v{s}}a}, A. and
         {Pulone}, L. and {Racero}, E. and {Ragaini}, S. and {Rambaux}, N. and
         {Ramos-Lerate}, M. and {Regibo}, S. and {Reyl{\'e}}, C. and
         {Riclet}, F. and {Ripepi}, V. and {Riva}, A. and {Rivard}, A. and
         {Rixon}, G. and {Roegiers}, T. and {Roelens}, M. and
         {Romero-G{\'o}mez}, M. and {Rowell}, N. and {Royer}, F. and
         {Ruiz-Dern}, L. and {Sadowski}, G. and {Sagrist{\`a} Sell{\'e}s}, T. and
         {Sahlmann}, J. and {Salgado}, J. and {Salguero}, E. and {Sanna}, N. and
         {Santana-Ros}, T. and {Sarasso}, M. and {Savietto}, H. and
         {Schultheis}, M. and {Sciacca}, E. and {Segol}, M. and
         {Segovia}, J.~C. and {S{\'e}gransan}, D. and {Shih}, I. -C. and
         {Siltala}, L. and {Silva}, A.~F. and {Smart}, R.~L. and {Smith}, K.~W. and
         {Solano}, E. and {Solitro}, F. and {Sordo}, R. and {Soria Nieto}, S. and
         {Souchay}, J. and {Spagna}, A. and {Spoto}, F. and {Stampa}, U. and
         {Steele}, I.~A. and {Steidelm{\"u}ller}, H. and {Stephenson}, C.~A. and
         {Stoev}, H. and {Suess}, F.~F. and {Surdej}, J. and {Szabados}, L. and
         {Szegedi-Elek}, E. and {Tapiador}, D. and {Taris}, F. and {Tauran}, G. and
         {Taylor}, M.~B. and {Teixeira}, R. and {Terrett}, D. and {Teyssand
        ier}, P. and {Thuillot}, W. and {Titarenko}, A. and {Torra Clotet}, F. and
         {Turon}, C. and {Ulla}, A. and {Utrilla}, E. and {Uzzi}, S. and
         {Vaillant}, M. and {Valentini}, G. and {Valette}, V. and
         {van Elteren}, A. and {Van Hemelryck}, E. and {van Leeuwen}, M. and
         {Vaschetto}, M. and {Vecchiato}, A. and {Veljanoski}, J. and
         {Viala}, Y. and {Vicente}, D. and {Vogt}, S. and {von Essen}, C. and
         {Voss}, H. and {Votruba}, V. and {Voutsinas}, S. and {Walmsley}, G. and
         {Weiler}, M. and {Wertz}, O. and {Wevers}, T. and {Wyrzykowski}, {\L}. and
         {Yoldas}, A. and {{\v{Z}}erjal}, M. and {Ziaeepour}, H. and
         {Zorec}, J. and {Zschocke}, S. and {Zucker}, S. and {Zurbach}, C. and
         {Zwitter}, T.},
        title = "{Gaia Data Release 2. Summary of the contents and survey properties}",
      journal = {\aap},
     keywords = {catalogs, astrometry, techniques: radial velocities, stars: fundamental parameters, stars: variables: general, minor planets, asteroids: general, Astrophysics - Astrophysics of Galaxies, Astrophysics - Instrumentation and Methods for Astrophysics},
         year = "2018",
        month = "Aug",
       volume = {616},
          eid = {A1},
        pages = {A1},
          doi = {10.1051/0004-6361/201833051},
archivePrefix = {arXiv},
       eprint = {1804.09365},
 primaryClass = {astro-ph.GA},
       adsurl = {https://ui.adsabs.harvard.edu/abs/2018A&A...616A...1G},
      adsnote = {Provided by the SAO/NASA Astrophysics Data System}
}


@ARTICLE{shabala18plane,
   author = {{Shabala}, S.~S.},
    title = "{The role of environment in the observed Fundamental Plane of radio active galactic nuclei}",
  journal = {\mnras},
archivePrefix = "arXiv",
   eprint = {1805.06600},
 keywords = {black hole physics, galaxies: active, galaxies: jets},
     year = 2018,
    month = aug,
   volume = 478,
    pages = {5074-5080},
      doi = {10.1093/mnras/sty1328},
   adsurl = {http://adsabs.harvard.edu/abs/2018MNRAS.478.5074S},
  adsnote = {Provided by the SAO/NASA Astrophysics Data System}
}

@ARTICLE{kuzmicz12giants,
   author = {{Ku{\'z}micz}, A. and {Jamrozy}, M.},
    title = "{Optical and radio properties of giant radio quasars: central black hole characteristics}",
  journal = {\mnras},
archivePrefix = "arXiv",
   eprint = {1210.1706},
 keywords = {galaxies: active, quasars: emission lines, radio continuum: galaxies},
     year = 2012,
    month = oct,
   volume = 426,
    pages = {851-867},
      doi = {10.1111/j.1365-2966.2012.21576.x},
   adsurl = {https://ui.adsabs.harvard.edu/abs/2012MNRAS.426..851K},
  adsnote = {Provided by the SAO/NASA Astrophysics Data System}
}

@article{dawid79em,
  title={Maximum likelihood estimation of observer error-rates using the EM algorithm},
  author={Dawid, Alexander Philip and Skene, Allan M},
  journal={Journal of the Royal Statistical Society: Series C (Applied Statistics)},
  volume={28},
  number={1},
  pages={20--28},
  year={1979},
  publisher={Wiley Online Library}
}

@ARTICLE{cotter96giants,
   author = {{Cotter}, G. and {Rawlings}, S. and {Saunders}, R.},
    title = "{Spectrophotometry of a sample of 7C giant radio sources}",
  journal = {\mnras},
 keywords = {GALAXIES: ACTIVE, INTERGALACTIC MEDIUM, QUASARS: GENERAL, RADIO CONTINUUM: GALAXIES},
     year = 1996,
    month = aug,
   volume = 281,
    pages = {1081-1093},
      doi = {10.1093/mnras/281.3.1081},
   adsurl = {https://ui.adsabs.harvard.edu/abs/1996MNRAS.281.1081C},
  adsnote = {Provided by the SAO/NASA Astrophysics Data System}
}

@ARTICLE{vanweeren14lofar,
       author = {{van Weeren}, R.~J. and {Williams}, W.~L. and {Tasse}, C. and
         {R{\"o}ttgering}, H.~J.~A. and {Rafferty}, D.~A. and {van der Tol}, S. and
         {Heald}, G. and {White}, G.~J. and {Shulevski}, A. and {Best}, P.},
        title = "{LOFAR Low-band Antenna Observations of the 3C 295 and Bo{\"o}tes Fields: Source Counts and Ultra-steep Spectrum Sources}",
      journal = {\apj},
     keywords = {galaxies: active, radio continuum: general, surveys, techniques: interferometric, Astrophysics - Astrophysics of Galaxies, Astrophysics - Cosmology and Nongalactic Astrophysics},
         year = "2014",
        month = "Oct",
       volume = {793},
       number = {2},
          eid = {82},
        pages = {82},
          doi = {10.1088/0004-637X/793/2/82},
archivePrefix = {arXiv},
       eprint = {1409.5437},
 primaryClass = {astro-ph.GA},
       adsurl = {https://ui.adsabs.harvard.edu/abs/2014ApJ...793...82V},
      adsnote = {Provided by the SAO/NASA Astrophysics Data System}
}


@ARTICLE{dabhade19lotss,
       author = {{Dabhade}, P. and {Rottgering}, H.~J.~A. and {Bagchi}, J. and
         {Shimwell}, T.~W. and {Hardcastle}, M.~J. and {Sankhyayan}, S. and
         {Morganti}, R. and {Jamrozy}, M. and {Shulevski}, A. and
         {Duncan}, K.~J.},
        title = "{Giant radio galaxies in the LOFAR Two-metre Sky Survey-I}",
      journal = {arXiv e-prints},
     keywords = {Astrophysics - Astrophysics of Galaxies},
         year = "2019",
        month = "Mar",
          eid = {arXiv:1904.00409},
        pages = {arXiv:1904.00409},
archivePrefix = {arXiv},
       eprint = {1904.00409},
 primaryClass = {astro-ph.GA},
       adsurl = {https://ui.adsabs.harvard.edu/abs/2019arXiv190400409D},
      adsnote = {Provided by the SAO/NASA Astrophysics Data System}
}

@ARTICLE{machalski11giants,
       author = {{Machalski}, J.},
        title = "{A multifrequency study of giant radio sources - IV. Length/luminosity asymmetries and dynamical evolution of the lobes of selected sources}",
      journal = {\mnras},
     keywords = {galaxies: active, galaxies: evolution, galaxies: kinematics and dynamics},
         year = "2011",
        month = "Jun",
       volume = {413},
       number = {4},
        pages = {2429-2438},
          doi = {10.1111/j.1365-2966.2011.18314.x},
       adsurl = {https://ui.adsabs.harvard.edu/abs/2011MNRAS.413.2429M},
      adsnote = {Provided by the SAO/NASA Astrophysics Data System}
}


@ARTICLE{kuzmicz18giants,
       author = {{Ku{\'z}micz}, Agnieszka and {Jamrozy}, Marek and
         {Bronarska}, Katarzyna and {Janda-Boczar}, Katarzyna and
         {Saikia}, D.~J.},
        title = "{An Updated Catalog of Giant Radio Sources}",
      journal = {\apjs},
     keywords = {galaxies: active, galaxies: nuclei, galaxies: structure, Astrophysics - Astrophysics of Galaxies},
         year = "2018",
        month = "Sep",
       volume = {238},
       number = {1},
          eid = {9},
        pages = {9},
          doi = {10.3847/1538-4365/aad9ff},
archivePrefix = {arXiv},
       eprint = {1809.09008},
 primaryClass = {astro-ph.GA},
       adsurl = {https://ui.adsabs.harvard.edu/abs/2018ApJS..238....9K},
      adsnote = {Provided by the SAO/NASA Astrophysics Data System}
}

@ARTICLE{blundell99doubles,
   author = {{Blundell}, K.~M. and {Rawlings}, S. and {Willott}, C.~J.},
    title = "{The Nature and Evolution of Classical Double Radio Sources from Complete Samples}",
  journal = {\aj},
   eprint = {astro-ph/9810197},
 keywords = {GALAXIES: ACTIVE, GALAXIES: EVOLUTION, GALAXIES: JETS, GALAXIES: QUASARS: GENERAL, RADIO CONTINUUM},
     year = 1999,
    month = feb,
   volume = 117,
    pages = {677-706},
      doi = {10.1086/300721},
   adsurl = {https://ui.adsabs.harvard.edu/abs/1999AJ....117..677B},
  adsnote = {Provided by the SAO/NASA Astrophysics Data System}
}


@ARTICLE{galvin19som,
       author = {{Galvin}, T.~J. and {Huynh}, M. and {Norris}, R.~P. and {Wang}, X.~R. and
         {Hopkins}, E. and {Wong}, O.~I. and {Shabala}, S. and {Rudnick}, L. and
         {Alger}, M.~J. and {Polsterer}, K.~L.},
        title = "{Radio Galaxy Zoo: Knowledge Transfer Using Rotationally Invariant Self-organizing Maps}",
      journal = {\pasp},
         year = "2019",
        month = "Oct",
       volume = {131},
       number = {1004},
        pages = {108009},
          doi = {10.1088/1538-3873/ab150b},
       adsurl = {https://ui.adsabs.harvard.edu/abs/2019PASP..131j8009G},
      adsnote = {Provided by the SAO/NASA Astrophysics Data System}
}


@ARTICLE{ralph19ae,
       author = {{Ralph}, Nicholas O. and {Norris}, Ray P. and {Fang}, Gu and
         {Park}, Laurence A.~F. and {Galvin}, Timothy J. and
         {Alger}, Matthew J. and {Andernach}, Heinz and {Lintott}, Chris and
         {Rudnick}, Lawrence and {Shabala}, Stanislav and {Wong}, O. Ivy},
        title = "{Radio Galaxy Zoo: Unsupervised Clustering of Convolutionally Auto-encoded Radio-astronomical Images}",
      journal = {\pasp},
     keywords = {Astrophysics - Instrumentation and Methods for Astrophysics, Computer Science - Machine Learning},
         year = "2019",
        month = "Oct",
       volume = {131},
       number = {1004},
        pages = {108011},
          doi = {10.1088/1538-3873/ab213d},
archivePrefix = {arXiv},
       eprint = {1906.02864},
 primaryClass = {astro-ph.IM},
       adsurl = {https://ui.adsabs.harvard.edu/abs/2019PASP..131j8011R},
      adsnote = {Provided by the SAO/NASA Astrophysics Data System}
}

@article{marshall15citizen,
   author = {Marshall, Philip J. and Lintott, Chris J. and Fletcher, Leigh N.},
   title = {Ideas for Citizen Science in Astronomy},
   journal = {Annual Review of Astronomy and Astrophysics},
   volume = {53},
   pages = {247--278},
   DOI = {10.1146/annurev-astro-081913-035959},
   year = {2015},
   type = {Journal Article}
}


 @article{condon02radio,
 title={Radio Sources and Star Formation in the Local Universe}, volume={124}, ISSN={0004-6256}, DOI={10.1086/341650}, abstractNote={Galaxies from the entire Uppsala Galaxy Catalog (UGC) have been identified with 4583 radio sources stronger than 2.5 mJy at 1.4 GHz from the NRAO VLA Sky Survey (NVSS). The complete sample of 3398 galaxies brighter than mp=14.5 in the area defined by
δ>-2deg30’ and |b|>20deg
yielded the UGC/NVSS sample of 1966 radio sources. Their dominant energy sources were classified as stars (85%) or active galactic nuclei (15%). The luminosity function of star-forming galaxies agrees well with the far-infrared (FIR) luminosity function converted to 1.4 GHz by the FIR/radio correlation. The spectral power density of star-forming galaxies is USF=(1.53+/-0.07)×1019 W
Hz-1 Mpc-3 (statistical errors only) if
H0=70 km s-1 Mpc-1. We used a model consistent with the observed FIR/radio correlation to estimate the corresponding star formation rate density within the past
τ~3×108 yr; it is
ρSF(M>0.1Msolar)~0.018 Msolar
yr-1 Mpc-3. The radio sources in star-forming galaxies may be evolving even at moderately low redshifts (z~0.1).}, journal={The Astronomical Journal}, author={Condon, J. J. and Cotton, W. D. and Broderick, J. J.}, year={2002}, month={Aug}, pages={675–689} }

@ARTICLE{lacy20vlass,
       author = {{Lacy}, M. and {Baum}, S.~A. and {Chandler}, C.~J. and {Chatterjee}, S. and
         {Clarke}, T.~E. and {Deustua}, S. and {English}, J. and {Farnes}, J. and
         {Gaensler}, B.~M. and {Gugliucci}, N. and {Hallinan}, G. and
         {Kent}, B.~R. and {Kimball}, A. and {Law}, C.~J. and {Lazio}, T.~J.~W. and
         {Marvil}, J. and {Mao}, S.~A. and {Medlin}, D. and {Mooley}, K. and
         {Murphy}, E.~J. and {Myers}, S. and {Osten}, R. and {Richards}, G.~T. and
         {Rosolowsky}, E. and {Rudnick}, L. and {Schinzel}, F. and
         {Sivakoff}, G.~R. and {Sjouwerman}, L.~O. and {Taylor}, R. and
         {White}, R.~L. and {Wrobel}, J. and {Andernach}, H. and
         {Beasley}, A.~J. and {Berger}, E. and {Bhatnager}, S. and
         {Birkinshaw}, M. and {Bower}, G.~C. and {Brandt}, W.~N. and
         {Brown}, S. and {Burke-Spolaor}, S. and {Butler}, B.~J. and
         {Comerford}, J. and {Demorest}, P.~B. and {Fu}, H. and
         {Giacintucci}, S. and {Golap}, K. and {G{\"u}th}, T. and
         {Hales}, C.~A. and {Hiriart}, R. and {Hodge}, J. and {Horesh}, A. and
         {Ivezi{\'c}}, {\v{Z}}. and {Jarvis}, M.~J. and {Kamble}, A. and
         {Kassim}, N. and {Liu}, X. and {Loinard}, L. and {Lyons}, D.~K. and
         {Masters}, J. and {Mezcua}, M. and {Moellenbrock}, G.~A. and
         {Mroczkowski}, T. and {Nyland}, K. and {O{\textquoteright}Dea}, C.~P. and
         {O{\textquoteright}Sullivan}, S.~P. and {Peters}, W.~M. and
         {Radford}, K. and {Rao}, U. and {Robnett}, J. and {Salcido}, J. and
         {Shen}, Y. and {Sobotka}, A. and {Witz}, S. and {Vaccari}, M. and
         {van Weeren}, R.~J. and {Vargas}, A. and {Williams}, P.~K.~G. and
         {Yoon}, I.},
        title = "{The Karl G. Jansky Very Large Array Sky Survey (VLASS). Science Case and Survey Design}",
      journal = {\pasp},
     keywords = {radio continuum: general, surveys, Astrophysics - Instrumentation and Methods for Astrophysics, Astrophysics - Astrophysics of Galaxies, Astrophysics - High Energy Astrophysical Phenomena},
         year = "2020",
        month = "Mar",
       volume = {132},
       number = {1009},
        pages = {035001},
          doi = {10.1088/1538-3873/ab63eb},
archivePrefix = {arXiv},
       eprint = {1907.01981},
 primaryClass = {astro-ph.IM},
       adsurl = {https://ui.adsabs.harvard.edu/abs/2020PASP..132c5001L},
      adsnote = {Provided by the SAO/NASA Astrophysics Data System}
}


@ARTICLE{shimwell19lotss,
       author = {{Shimwell}, T.~W. and {Tasse}, C. and {Hardcastle}, M.~J. and
         {Mechev}, A.~P. and {Williams}, W.~L. and {Best}, P.~N. and
         {R{\"o}ttgering}, H.~J.~A. and {Callingham}, J.~R. and
         {Dijkema}, T.~J. and {de Gasperin}, F. and {Hoang}, D.~N. and
         {Hugo}, B. and {Mirmont}, M. and {Oonk}, J.~B.~R. and {Prandoni}, I. and
         {Rafferty}, D. and {Sabater}, J. and {Smirnov}, O. and
         {van Weeren}, R.~J. and {White}, G.~J. and {Atemkeng}, M. and
         {Bester}, L. and {Bonnassieux}, E. and {Br{\"u}ggen}, M. and
         {Brunetti}, G. and {Chy{\.z}y}, K.~T. and {Cochrane}, R. and
         {Conway}, J.~E. and {Croston}, J.~H. and {Danezi}, A. and {Duncan}, K. and
         {Haverkorn}, M. and {Heald}, G.~H. and {Iacobelli}, M. and
         {Intema}, H.~T. and {Jackson}, N. and {Jamrozy}, M. and
         {Jarvis}, M.~J. and {Lakhoo}, R. and {Mevius}, M. and {Miley}, G.~K. and
         {Morabito}, L. and {Morganti}, R. and {Nisbet}, D. and {Orr{\'u}}, E. and
         {Perkins}, S. and {Pizzo}, R.~F. and {Schrijvers}, C. and
         {Smith}, D.~J.~B. and {Vermeulen}, R. and {Wise}, M.~W. and
         {Alegre}, L. and {Bacon}, D.~J. and {van Bemmel}, I.~M. and
         {Beswick}, R.~J. and {Bonafede}, A. and {Botteon}, A. and {Bourke}, S. and
         {Brienza}, M. and {Calistro Rivera}, G. and {Cassano}, R. and
         {Clarke}, A.~O. and {Conselice}, C.~J. and {Dettmar}, R.~J. and
         {Drabent}, A. and {Dumba}, C. and {Emig}, K.~L. and
         {En{\ss}lin}, T.~A. and {Ferrari}, C. and {Garrett}, M.~A. and
         {G{\'e}nova-Santos}, R.~T. and {Goyal}, A. and {G{\"u}rkan}, G. and
         {Hale}, C. and {Harwood}, J.~J. and {Heesen}, V. and {Hoeft}, M. and
         {Horellou}, C. and {Jackson}, C. and {Kokotanekov}, G. and
         {Kondapally}, R. and {Kunert-Bajraszewska}, M. and {Mahatma}, V. and
         {Mahony}, E.~K. and {Mandal}, S. and {McKean}, J.~P. and {Merloni}, A. and
         {Mingo}, B. and {Miskolczi}, A. and {Mooney}, S. and
         {Nikiel-Wroczy{\'n}ski}, B. and {O'Sullivan}, S.~P. and {Quinn}, J. and
         {Reich}, W. and {Roskowi{\'n}ski}, C. and {Rowlinson}, A. and
         {Savini}, F. and {Saxena}, A. and {Schwarz}, D.~J. and {Shulevski}, A. and
         {Sridhar}, S.~S. and {Stacey}, H.~R. and {Urquhart}, S. and
         {van der Wiel}, M.~H.~D. and {Varenius}, E. and {Webster}, B. and
         {Wilber}, A.},
        title = "{The LOFAR Two-metre Sky Survey. II. First data release}",
      journal = {\aap},
     keywords = {surveys, catalogs, radio continuum: general, techniques: image processing, Astrophysics - Astrophysics of Galaxies, Astrophysics - Cosmology and Nongalactic Astrophysics, Astrophysics - High Energy Astrophysical Phenomena, Astrophysics - Instrumentation and Methods for Astrophysics},
         year = "2019",
        month = "Feb",
       volume = {622},
          eid = {A1},
        pages = {A1},
          doi = {10.1051/0004-6361/201833559},
archivePrefix = {arXiv},
       eprint = {1811.07926},
 primaryClass = {astro-ph.GA},
       adsurl = {https://ui.adsabs.harvard.edu/abs/2019A&A...622A...1S},
      adsnote = {Provided by the SAO/NASA Astrophysics Data System}
}

@ARTICLE{hardcastle20feedback,
       author = {{Hardcastle}, M.~J. and {Croston}, J.~H.},
        title = "{Radio galaxies and feedback from AGN jets}",
      journal = {arXiv e-prints},
     keywords = {Astrophysics - High Energy Astrophysical Phenomena, Astrophysics - Astrophysics of Galaxies},
         year = 2020,
        month = mar,
          eid = {arXiv:2003.06137},
        pages = {arXiv:2003.06137},
archivePrefix = {arXiv},
       eprint = {2003.06137},
 primaryClass = {astro-ph.HE},
       adsurl = {https://ui.adsabs.harvard.edu/abs/2020arXiv200306137H},
      adsnote = {Provided by the SAO/NASA Astrophysics Data System}
}


@ARTICLE{vanvelzen12radio,
       author = {{van Velzen}, Sjoert and {Falcke}, Heino and {Schellart}, Pim and
         {Nierstenh{\"o}fer}, Nils and {Kampert}, Karl-Heinz},
        title = "{Radio galaxies of the local universe. All-sky catalog, luminosity functions, and clustering}",
      journal = {\aap},
     keywords = {accretion, accretion disks, catalogs, galaxies: jets, galaxies: active, radio continuum: galaxies, methods: statistical, Astrophysics - Cosmology and Extragalactic Astrophysics},
         year = 2012,
        month = aug,
       volume = {544},
          eid = {A18},
        pages = {A18},
          doi = {10.1051/0004-6361/201219389},
archivePrefix = {arXiv},
       eprint = {1206.0031},
 primaryClass = {astro-ph.CO},
       adsurl = {https://ui.adsabs.harvard.edu/abs/2012A&A...544A..18V},
      adsnote = {Provided by the SAO/NASA Astrophysics Data System}
}

@article{scikit-learn,
 title={Scikit-learn: Machine Learning in {P}ython},
 author={Pedregosa, F. and Varoquaux, G. and Gramfort, A. and Michel, V.
         and Thirion, B. and Grisel, O. and Blondel, M. and Prettenhofer, P.
         and Weiss, R. and Dubourg, V. and Vanderplas, J. and Passos, A. and
         Cournapeau, D. and Brucher, M. and Perrot, M. and Duchesnay, E.},
 journal={Journal of Machine Learning Research},
 volume={12},
 pages={2825--2830},
 year={2011}
}

@ARTICLE{scipy,
       author = {{Virtanen}, Pauli and {Gommers}, Ralf and {Oliphant},
         Travis E. and {Haberland}, Matt and {Reddy}, Tyler and
         {Cournapeau}, David and {Burovski}, Evgeni and {Peterson}, Pearu
         and {Weckesser}, Warren and {Bright}, Jonathan and {van der Walt},
         St{\'e}fan J.  and {Brett}, Matthew and {Wilson}, Joshua and
         {Jarrod Millman}, K.  and {Mayorov}, Nikolay and {Nelson}, Andrew
         R.~J. and {Jones}, Eric and {Kern}, Robert and {Larson}, Eric and
         {Carey}, CJ and {Polat}, {\.I}lhan and {Feng}, Yu and {Moore},
         Eric W. and {Vand erPlas}, Jake and {Laxalde}, Denis and
         {Perktold}, Josef and {Cimrman}, Robert and {Henriksen}, Ian and
         {Quintero}, E.~A. and {Harris}, Charles R and {Archibald}, Anne M.
         and {Ribeiro}, Ant{\^o}nio H. and {Pedregosa}, Fabian and
         {van Mulbregt}, Paul and {Contributors}, SciPy 1. 0},
        title = "{SciPy 1.0: Fundamental Algorithms for Scientific
                  Computing in Python}",
      journal = {Nature Methods},
      year = "2020",
      volume={17},
      pages={261--272},
      adsurl = {https://rdcu.be/b08Wh},
      doi = {https://doi.org/10.1038/s41592-019-0686-2},
}

 @article{numpy,
 title={The NumPy Array: A Structure for Efficient Numerical Computation}, volume={13}, ISSN={1558-366X}, DOI={10.1109/MCSE.2011.37}, abstractNote={In the Python world, NumPy arrays are the standard representation for numerical data and enable efficient implementation of numerical computations in a high-level language. As this effort shows, NumPy performance can be improved through three techniques: vectorizing calculations, avoiding copying data in memory, and minimizing operation counts.}, number={2}, journal={Computing in Science Engineering}, author={van der Walt, Stefan and Colbert, S. Chris and Varoquaux, Gael}, year={2011}, month={Mar}, pages={22–30} }

 @article{matplotlib,
 title={Matplotlib: A 2D Graphics Environment}, volume={9}, ISSN={1558-366X}, DOI={10.1109/MCSE.2007.55}, abstractNote={Matplotlib is a 2D graphics package used for Python for application development, interactive scripting,and publication-quality image generation across user interfaces and operating systems}, number={3}, journal={Computing in Science Engineering}, author={Hunter, John D.}, year={2007}, month={May}, pages={90–95} }

@InProceedings{pandas,
  author    = { Wes McKinney },
  title     = { Data Structures for Statistical Computing in Python },
  booktitle = { Proceedings of the 9th Python in Science Conference },
  pages     = { 51 - 56 },
  year      = { 2010 },
  editor    = { St\'efan van der Walt and Jarrod Millman }
}

 @article{hardcastle19rlagn,
 title={Radio-loud AGN in the first LoTSS data release: The lifetimes and environmental impact of jet-driven sources},
 volume={622},
 ISSN={0004-6361, 1432-0746}, DOI={10.1051/0004-6361/201833893}, abstractNote={We constructed a sample of 23 344 radio-loud active galactic nuclei (RLAGN) from the catalogue derived from the LOFAR TwoMetre Sky Survey (LoTSS) survey of the HETDEX Spring ﬁeld. Although separating AGN from star-forming galaxies remains challenging, the combination of spectroscopic and photometric techniques we used gives us one of the largest available samples of candidate RLAGN. We used the sample, combined with recently developed analytical models, to investigate the lifetime distribution of RLAGN. We show that large or giant powerful RLAGN are probably the old tail of the general RLAGN population, but that the low-luminosity RLAGN candidates in our sample, many of which have sizes <100 kpc, either require a very diﬀerent lifetime distribution or have diﬀerent jet physics from the more powerful objects. We then used analytical models to develop a method of estimating jet kinetic powers for our candidate objects and constructed a jet kinetic luminosity function based on these estimates. These values can be compared to observational quantities, such as the integrated radiative luminosity of groups and clusters, and to the predictions from models of RLAGN feedback in galaxy formation and evolution. In particular, we show that RLAGN in the local Universe are able to supply all the energy required per comoving unit volume to counterbalance X-ray radiative losses from groups and clusters and thus prevent the hot gas from cooling. Our computation of the kinetic luminosity density of local RLAGN is in good agreement with other recent observational estimates and with models of galaxy formation.}, journal={A\&A}, author={Hardcastle, M. J. and Williams, W. L. and Best, P. N. and Croston, J. H. and Duncan, K. J. and Röttgering, H. J. A. and Sabater, J. and Shimwell, T. W. and Tasse, C. and Callingham, J. R. and et al.}, year={2019}, month={Feb}, pages={A12} }


 @article{shabala13power,
 title={SIZE DEPENDENCE OF THE RADIO-LUMINOSITY-MECHANICAL-POWER CORRELATION IN RADIO GALAXIES}, volume={769}, ISSN={0004-637X, 1538-4357}, DOI={10.1088/0004-637X/769/2/129}, abstractNote={We examine the relationship between source radio luminosity and kinetic power in active galactic nucleus jets. We show that neglecting various loss processes can introduce a systematic bias in the jet powers inferred from radio luminosities for a sample of radio galaxies. This bias can be corrected for by considering source size as well as radio luminosity; effectively the source size acts as a proxy for source age. Based on a sample of Fanaroff–Riley Type II radio sources with jet powers derived from the measured hotspot parameters, we empirically determine a new expression for jet power that accounts for the source size, (Qjet/1036 W) = 1.5+−10..88(L151/1027 W Hz−1)0.8(1 + z)1.0(D/kpc)0.58±0.17, where D is source size and L151 the 151 MHz radio luminosity. By comparing a ﬂux-limited and volume-limited sample, we show that any derived radio-luminosity–jet-power relation depends sensitively on sample properties, in particular the source size distribution and the size–luminosity correlation inherent in the sample. Such bias will affect the accuracy of the kinetic luminosity function derived from lobe radio luminosities and should be treated with caution.}, number={2}, journal={The Astrophysical Journal}, author={Shabala, S. S. and Godfrey, L. E. H.}, year={2013}, month={May}, pages={129} }
